%YAML 1.1
%TAG !u! tag:unity3d.com,2011:
--- !u!1001 &100100000
PrefabInstance:
  serializedVersion: 2
  m_RootGameObject: {fileID: 1824480825440057}
  m_Modification:
    m_TransformParent: {fileID: 0}
    m_Modifications: []
    m_RemovedComponents: []
  m_SourcePrefab: {fileID: 0}
--- !u!1 &1824480825440057
GameObject:
  m_CorrespondingSourceObject: {fileID: 0}
  m_PrefabInstance: {fileID: 100100000}
  m_PrefabAsset: {fileID: 0}
  serializedVersion: 5
  m_Component:
  - component: {fileID: 4520098794694955}
  - component: {fileID: 114965793692767427}
  - component: {fileID: 114518153839200373}
  m_Layer: 0
  m_Name: _ZoneCtrl
  m_TagString: Untagged
  m_Icon: {fileID: 0}
  m_NavMeshLayer: 0
  m_StaticEditorFlags: 0
  m_IsActive: 1
--- !u!4 &4520098794694955
Transform:
  m_CorrespondingSourceObject: {fileID: 0}
  m_PrefabInstance: {fileID: 100100000}
  m_PrefabAsset: {fileID: 0}
  m_GameObject: {fileID: 1824480825440057}
  m_LocalRotation: {x: 0, y: 0, z: 0, w: 1}
  m_LocalPosition: {x: -8.261315, y: 53.77019, z: -14.41241}
  m_LocalScale: {x: 1, y: 1, z: 1}
  m_Children: []
  m_Father: {fileID: 0}
  m_RootOrder: 0
  m_LocalEulerAnglesHint: {x: 0, y: 0, z: 0}
--- !u!114 &114965793692767427
MonoBehaviour:
  m_CorrespondingSourceObject: {fileID: 0}
  m_PrefabInstance: {fileID: 100100000}
  m_PrefabAsset: {fileID: 0}
  m_GameObject: {fileID: 1824480825440057}
  m_Enabled: 1
  m_EditorHideFlags: 0
  m_Script: {fileID: 11500000, guid: 003d77b903c81de4097b81d76d263f6e, type: 3}
  m_Name:
  m_EditorClassIdentifier:
  m_spawners:
  - m_name: deer
    m_enabled: 1
    m_prefab: {fileID: 1506868415750100, guid: 94ca5211bc2fc934aa7236fab5af62ea, type: 2}
    m_biome: 9
    m_biomeArea: 7
    m_maxSpawned: 4
    m_spawnInterval: 100
    m_spawnChance: 50
    m_spawnDistance: 64
    m_spawnRadiusMin: 0
    m_spawnRadiusMax: 0
    m_requiredGlobalKey:
    m_requiredEnvironments: []
    m_groupSizeMin: 1
    m_groupSizeMax: 3
    m_groupRadius: 5
    m_spawnAtNight: 1
    m_spawnAtDay: 1
    m_minAltitude: 0
    m_maxAltitude: 1000
    m_minTilt: 0
    m_maxTilt: 35
    m_inForest: 1
    m_outsideForest: 0
    m_minOceanDepth: 0
    m_maxOceanDepth: 0
    m_huntPlayer: 0
    m_groundOffset: 0.5
    m_maxLevel: 3
    m_minLevel: 1
    m_levelUpMinCenterDistance: 0
    m_foldout: 0
  - m_name: Boar
    m_enabled: 1
    m_prefab: {fileID: 1571111471731828, guid: 0cae9f487d65896418ce5edee63e6037, type: 2}
    m_biome: 1
    m_biomeArea: 7
    m_maxSpawned: 4
    m_spawnInterval: 150
    m_spawnChance: 50
    m_spawnDistance: 64
    m_spawnRadiusMin: 0
    m_spawnRadiusMax: 0
    m_requiredGlobalKey:
    m_requiredEnvironments: []
    m_groupSizeMin: 1
    m_groupSizeMax: 3
    m_groupRadius: 5
    m_spawnAtNight: 1
    m_spawnAtDay: 1
    m_minAltitude: 0
    m_maxAltitude: 1000
    m_minTilt: 0
    m_maxTilt: 35
    m_inForest: 1
    m_outsideForest: 1
    m_minOceanDepth: 0
    m_maxOceanDepth: 0
    m_huntPlayer: 0
    m_groundOffset: 0.5
    m_maxLevel: 3
    m_minLevel: 1
    m_levelUpMinCenterDistance: 800
    m_foldout: 0
  - m_name: Neck lakes
    m_enabled: 1
    m_prefab: {fileID: 1054512025254446, guid: b8c9612383b8826469f31c12b25f0f2e, type: 2}
    m_biome: 1
    m_biomeArea: 7
    m_maxSpawned: 6
    m_spawnInterval: 100
    m_spawnChance: 50
    m_spawnDistance: 5
    m_spawnRadiusMin: 0
    m_spawnRadiusMax: 0
    m_requiredGlobalKey:
    m_requiredEnvironments: []
    m_groupSizeMin: 2
    m_groupSizeMax: 4
    m_groupRadius: 5
    m_spawnAtNight: 1
    m_spawnAtDay: 1
    m_minAltitude: -1.5
    m_maxAltitude: 0.5
    m_minTilt: 0
    m_maxTilt: 35
    m_inForest: 1
    m_outsideForest: 1
    m_minOceanDepth: 0
    m_maxOceanDepth: 1
    m_huntPlayer: 0
    m_groundOffset: 0.5
    m_maxLevel: 3
    m_minLevel: 1
    m_levelUpMinCenterDistance: 800
    m_foldout: 0
  - m_name: Neck IN RAIN
    m_enabled: 1
    m_prefab: {fileID: 1054512025254446, guid: b8c9612383b8826469f31c12b25f0f2e, type: 2}
    m_biome: 1
    m_biomeArea: 7
    m_maxSpawned: 8
    m_spawnInterval: 30
    m_spawnChance: 100
    m_spawnDistance: 32
    m_spawnRadiusMin: 0
    m_spawnRadiusMax: 0
    m_requiredGlobalKey:
    m_requiredEnvironments:
    - Rain
    - ThunderStorm
    - LightRain
    m_groupSizeMin: 2
    m_groupSizeMax: 4
    m_groupRadius: 5
    m_spawnAtNight: 1
    m_spawnAtDay: 1
    m_minAltitude: 0
    m_maxAltitude: 10
    m_minTilt: 0
    m_maxTilt: 35
    m_inForest: 1
    m_outsideForest: 1
    m_minOceanDepth: 0
    m_maxOceanDepth: 0
    m_huntPlayer: 0
    m_groundOffset: 0.5
    m_maxLevel: 3
    m_minLevel: 1
    m_levelUpMinCenterDistance: 800
    m_foldout: 0
  - m_name: Seagull
    m_enabled: 1
    m_prefab: {fileID: 1685124720128905, guid: b5ae5ee27364fb748b51c2cbde87fced, type: 2}
    m_biome: 281
    m_biomeArea: 7
    m_maxSpawned: 5
    m_spawnInterval: 120
    m_spawnChance: 50
    m_spawnDistance: 51
    m_spawnRadiusMin: 0
    m_spawnRadiusMax: 0
    m_requiredGlobalKey:
    m_requiredEnvironments: []
    m_groupSizeMin: 1
    m_groupSizeMax: 2
    m_groupRadius: 2
    m_spawnAtNight: 1
    m_spawnAtDay: 1
    m_minAltitude: -4
    m_maxAltitude: 0.2
    m_minTilt: 0
    m_maxTilt: 35
    m_inForest: 1
    m_outsideForest: 1
    m_minOceanDepth: 0
    m_maxOceanDepth: 0
    m_huntPlayer: 0
    m_groundOffset: 0.5
    m_maxLevel: 1
    m_minLevel: 1
    m_levelUpMinCenterDistance: 0
    m_foldout: 0
  - m_name: Fish1
    m_enabled: 1
    m_prefab: {fileID: 1193979532721275, guid: 7b6c596fda81e8b429e5a0131980fff3, type: 2}
    m_biome: 25
    m_biomeArea: 7
    m_maxSpawned: 5
    m_spawnInterval: 120
    m_spawnChance: 50
    m_spawnDistance: 20
    m_spawnRadiusMin: 0
    m_spawnRadiusMax: 0
    m_requiredGlobalKey:
    m_requiredEnvironments: []
    m_groupSizeMin: 2
    m_groupSizeMax: 6
    m_groupRadius: 2
    m_spawnAtNight: 1
    m_spawnAtDay: 1
    m_minAltitude: -3
    m_maxAltitude: -1.5
    m_minTilt: 0
    m_maxTilt: 99
    m_inForest: 1
    m_outsideForest: 1
    m_minOceanDepth: 0
    m_maxOceanDepth: 0
    m_huntPlayer: 0
    m_groundOffset: 0.1
    m_maxLevel: 1
    m_minLevel: 1
    m_levelUpMinCenterDistance: 0
    m_foldout: 1
  - m_name: Fish2
    m_enabled: 1
    m_prefab: {fileID: 1159499293915915, guid: a144fabfaf212bf48bf6365310ae69a4, type: 2}
    m_biome: 25
    m_biomeArea: 7
    m_maxSpawned: 4
    m_spawnInterval: 120
    m_spawnChance: 50
    m_spawnDistance: 20
    m_spawnRadiusMin: 0
    m_spawnRadiusMax: 0
    m_requiredGlobalKey:
    m_requiredEnvironments: []
    m_groupSizeMin: 2
    m_groupSizeMax: 4
    m_groupRadius: 2
    m_spawnAtNight: 1
    m_spawnAtDay: 1
    m_minAltitude: -5
    m_maxAltitude: -2
    m_minTilt: 0
    m_maxTilt: 99
    m_inForest: 1
    m_outsideForest: 1
    m_minOceanDepth: 0
    m_maxOceanDepth: 0
    m_huntPlayer: 0
    m_groundOffset: 0.1
    m_maxLevel: 1
    m_minLevel: 1
    m_levelUpMinCenterDistance: 0
    m_foldout: 1
  - m_name: Fish3
    m_enabled: 1
    m_prefab: {fileID: 1155242624784798, guid: 175247eb1dd99c246a7b83a8c5fbe1ad, type: 2}
    m_biome: 281
    m_biomeArea: 7
    m_maxSpawned: 3
    m_spawnInterval: 120
    m_spawnChance: 50
    m_spawnDistance: 20
    m_spawnRadiusMin: 0
    m_spawnRadiusMax: 0
    m_requiredGlobalKey:
    m_requiredEnvironments: []
    m_groupSizeMin: 1
    m_groupSizeMax: 2
    m_groupRadius: 2
    m_spawnAtNight: 1
    m_spawnAtDay: 1
    m_minAltitude: -999
    m_maxAltitude: -5
    m_minTilt: 0
    m_maxTilt: 99
    m_inForest: 1
    m_outsideForest: 1
    m_minOceanDepth: 0
    m_maxOceanDepth: 0
    m_huntPlayer: 0
    m_groundOffset: 0.1
    m_maxLevel: 1
    m_minLevel: 1
    m_levelUpMinCenterDistance: 0
    m_foldout: 1
  - m_name: greydwarf DAY
    m_enabled: 1
    m_prefab: {fileID: 1990375702356760, guid: 5e3ac412a93a43740860dcebf50bfe55, type: 2}
    m_biome: 8
    m_biomeArea: 7
    m_maxSpawned: 3
    m_spawnInterval: 120
    m_spawnChance: 30
    m_spawnDistance: 10
    m_spawnRadiusMin: 0
    m_spawnRadiusMax: 0
    m_requiredGlobalKey:
    m_requiredEnvironments: []
    m_groupSizeMin: 2
    m_groupSizeMax: 3
    m_groupRadius: 3
    m_spawnAtNight: 0
    m_spawnAtDay: 1
    m_minAltitude: 0
    m_maxAltitude: 1000
    m_minTilt: 0
    m_maxTilt: 35
    m_inForest: 1
    m_outsideForest: 1
    m_minOceanDepth: 0
    m_maxOceanDepth: 0
    m_huntPlayer: 0
    m_groundOffset: 0.5
    m_maxLevel: 3
    m_minLevel: 1
    m_levelUpMinCenterDistance: 0
    m_foldout: 0
  - m_name: greydwarf After boss
    m_enabled: 1
    m_prefab: {fileID: 1990375702356760, guid: 5e3ac412a93a43740860dcebf50bfe55, type: 2}
    m_biome: 1
    m_biomeArea: 7
    m_maxSpawned: 1
    m_spawnInterval: 120
    m_spawnChance: 30
    m_spawnDistance: 10
    m_spawnRadiusMin: 0
    m_spawnRadiusMax: 0
    m_requiredGlobalKey: defeated_eikthyr
    m_requiredEnvironments: []
    m_groupSizeMin: 2
    m_groupSizeMax: 3
    m_groupRadius: 3
    m_spawnAtNight: 1
    m_spawnAtDay: 0
    m_minAltitude: 0
    m_maxAltitude: 1000
    m_minTilt: 0
    m_maxTilt: 35
    m_inForest: 1
    m_outsideForest: 0
    m_minOceanDepth: 0
    m_maxOceanDepth: 0
    m_huntPlayer: 0
    m_groundOffset: 0.5
    m_maxLevel: 1
    m_minLevel: 1
    m_levelUpMinCenterDistance: 0
    m_foldout: 0
  - m_name: greydwarf Night
    m_enabled: 1
    m_prefab: {fileID: 1990375702356760, guid: 5e3ac412a93a43740860dcebf50bfe55, type: 2}
    m_biome: 8
    m_biomeArea: 7
    m_maxSpawned: 6
    m_spawnInterval: 60
    m_spawnChance: 100
    m_spawnDistance: 10
    m_spawnRadiusMin: 0
    m_spawnRadiusMax: 0
    m_requiredGlobalKey:
    m_requiredEnvironments: []
    m_groupSizeMin: 3
    m_groupSizeMax: 4
    m_groupRadius: 10
    m_spawnAtNight: 1
    m_spawnAtDay: 0
    m_minAltitude: 0
    m_maxAltitude: 1000
    m_minTilt: 0
    m_maxTilt: 35
    m_inForest: 1
    m_outsideForest: 1
    m_minOceanDepth: 0
    m_maxOceanDepth: 0
    m_huntPlayer: 0
    m_groundOffset: 0.5
    m_maxLevel: 3
    m_minLevel: 1
    m_levelUpMinCenterDistance: 0
    m_foldout: 0
  - m_name: greydwarf ELITE
    m_enabled: 1
    m_prefab: {fileID: 1556551807098243, guid: 36d31454960c03941a1989118adc5643, type: 2}
    m_biome: 8
    m_biomeArea: 7
    m_maxSpawned: 1
    m_spawnInterval: 120
    m_spawnChance: 50.6
    m_spawnDistance: 10
    m_spawnRadiusMin: 0
    m_spawnRadiusMax: 0
    m_requiredGlobalKey:
    m_requiredEnvironments: []
    m_groupSizeMin: 1
    m_groupSizeMax: 1
    m_groupRadius: 1
    m_spawnAtNight: 1
    m_spawnAtDay: 0
    m_minAltitude: 0
    m_maxAltitude: 1000
    m_minTilt: 0
    m_maxTilt: 35
    m_inForest: 1
    m_outsideForest: 1
    m_minOceanDepth: 0
    m_maxOceanDepth: 0
    m_huntPlayer: 0
    m_groundOffset: 0.5
    m_maxLevel: 3
    m_minLevel: 1
    m_levelUpMinCenterDistance: 2000
    m_foldout: 0
  - m_name:
    m_enabled: 1
    m_prefab: {fileID: 1473898196329542, guid: 5b0e2d8559f7e75458068448b2bb4072, type: 2}
    m_biome: 4
    m_biomeArea: 2
    m_maxSpawned: 2
    m_spawnInterval: 400
    m_spawnChance: 20
    m_spawnDistance: 10
    m_spawnRadiusMin: 0
    m_spawnRadiusMax: 0
    m_requiredGlobalKey:
    m_requiredEnvironments: []
    m_groupSizeMin: 1
    m_groupSizeMax: 1
    m_groupRadius: 1
    m_spawnAtNight: 1
    m_spawnAtDay: 0
    m_minAltitude: 0
    m_maxAltitude: 1000
    m_minTilt: 0
    m_maxTilt: 35
    m_inForest: 1
    m_outsideForest: 1
    m_minOceanDepth: 0
    m_maxOceanDepth: 0
    m_huntPlayer: 0
    m_groundOffset: 0.5
    m_maxLevel: 1
    m_minLevel: 1
    m_levelUpMinCenterDistance: 0
    m_foldout: 0
  - m_name:
    m_enabled: 1
    m_prefab: {fileID: 1556551807098243, guid: 36d31454960c03941a1989118adc5643, type: 2}
    m_biome: 1
    m_biomeArea: 7
    m_maxSpawned: 1
    m_spawnInterval: 120
    m_spawnChance: 50.6
    m_spawnDistance: 10
    m_spawnRadiusMin: 0
    m_spawnRadiusMax: 0
    m_requiredGlobalKey: defeated_gdking
    m_requiredEnvironments: []
    m_groupSizeMin: 1
    m_groupSizeMax: 1
    m_groupRadius: 1
    m_spawnAtNight: 1
    m_spawnAtDay: 0
    m_minAltitude: 0
    m_maxAltitude: 1000
    m_minTilt: 0
    m_maxTilt: 35
    m_inForest: 1
    m_outsideForest: 1
    m_minOceanDepth: 0
    m_maxOceanDepth: 0
    m_huntPlayer: 0
    m_groundOffset: 0.5
    m_maxLevel: 1
    m_minLevel: 1
    m_levelUpMinCenterDistance: 0
    m_foldout: 0
  - m_name:
    m_enabled: 1
    m_prefab: {fileID: 1089222838148431, guid: 3ddf13d1f91102e4ca319f0a316aeeac, type: 2}
    m_biome: 1
    m_biomeArea: 7
    m_maxSpawned: 1
    m_spawnInterval: 120
    m_spawnChance: 50.6
    m_spawnDistance: 10
    m_spawnRadiusMin: 0
    m_spawnRadiusMax: 0
    m_requiredGlobalKey: defeated_gdking
    m_requiredEnvironments: []
    m_groupSizeMin: 1
    m_groupSizeMax: 1
    m_groupRadius: 1
    m_spawnAtNight: 1
    m_spawnAtDay: 0
    m_minAltitude: 0
    m_maxAltitude: 1000
    m_minTilt: 0
    m_maxTilt: 35
    m_inForest: 1
    m_outsideForest: 1
    m_minOceanDepth: 0
    m_maxOceanDepth: 0
    m_huntPlayer: 0
    m_groundOffset: 0.5
    m_maxLevel: 1
    m_minLevel: 1
    m_levelUpMinCenterDistance: 0
    m_foldout: 0
  - m_name:
    m_enabled: 1
    m_prefab: {fileID: 1469749743407482, guid: d97da24f5f51de241b434c4905663487, type: 2}
    m_biome: 31
    m_biomeArea: 7
    m_maxSpawned: 3
    m_spawnInterval: 300
    m_spawnChance: 25
    m_spawnDistance: 10
    m_spawnRadiusMin: 0
    m_spawnRadiusMax: 0
    m_requiredGlobalKey: defeated_bonemass
    m_requiredEnvironments: []
    m_groupSizeMin: 1
    m_groupSizeMax: 3
    m_groupRadius: 3
    m_spawnAtNight: 1
    m_spawnAtDay: 0
    m_minAltitude: 0
    m_maxAltitude: 1000
    m_minTilt: 0
    m_maxTilt: 35
    m_inForest: 1
    m_outsideForest: 1
    m_minOceanDepth: 0
    m_maxOceanDepth: 0
    m_huntPlayer: 0
    m_groundOffset: 0.5
    m_maxLevel: 1
    m_minLevel: 1
    m_levelUpMinCenterDistance: 0
    m_foldout: 0
  - m_name:
    m_enabled: 1
    m_prefab: {fileID: 1342960389523562, guid: 3bc5f4396d61d7149b291fa183b89fef, type: 2}
    m_biome: 29
    m_biomeArea: 7
    m_maxSpawned: 1
    m_spawnInterval: 300
    m_spawnChance: 5
    m_spawnDistance: 10
    m_spawnRadiusMin: 0
    m_spawnRadiusMax: 0
    m_requiredGlobalKey: defeated_gdking
    m_requiredEnvironments:
    - Misty
    m_groupSizeMin: 1
    m_groupSizeMax: 1
    m_groupRadius: 1
    m_spawnAtNight: 1
    m_spawnAtDay: 0
    m_minAltitude: 0
    m_maxAltitude: 1000
    m_minTilt: 0
    m_maxTilt: 35
    m_inForest: 1
    m_outsideForest: 1
    m_minOceanDepth: 0
    m_maxOceanDepth: 0
    m_huntPlayer: 0
    m_groundOffset: 0.5
    m_maxLevel: 1
    m_minLevel: 1
    m_levelUpMinCenterDistance: 0
    m_foldout: 0
  - m_name:
    m_enabled: 1
    m_prefab: {fileID: 1280638897605826, guid: bda9d651480d7e540864182b5ca0729c, type: 2}
    m_biome: 13
    m_biomeArea: 7
    m_maxSpawned: 3
    m_spawnInterval: 3000
    m_spawnChance: 5
    m_spawnDistance: 10
    m_spawnRadiusMin: 0
    m_spawnRadiusMax: 0
    m_requiredGlobalKey: defeated_goblinking
    m_requiredEnvironments: []
    m_groupSizeMin: 3
    m_groupSizeMax: 3
    m_groupRadius: 3
    m_spawnAtNight: 1
    m_spawnAtDay: 0
    m_minAltitude: 0
    m_maxAltitude: 1000
    m_minTilt: 0
    m_maxTilt: 35
    m_inForest: 1
    m_outsideForest: 1
    m_minOceanDepth: 0
    m_maxOceanDepth: 0
    m_huntPlayer: 1
    m_groundOffset: 0.5
    m_maxLevel: 1
    m_minLevel: 1
    m_levelUpMinCenterDistance: 0
    m_foldout: 0
  - m_name:
    m_enabled: 1
    m_prefab: {fileID: 1089222838148431, guid: 3ddf13d1f91102e4ca319f0a316aeeac, type: 2}
    m_biome: 8
    m_biomeArea: 7
    m_maxSpawned: 2
    m_spawnInterval: 60
    m_spawnChance: 50.6
    m_spawnDistance: 10
    m_spawnRadiusMin: 0
    m_spawnRadiusMax: 0
    m_requiredGlobalKey:
    m_requiredEnvironments: []
    m_groupSizeMin: 1
    m_groupSizeMax: 1
    m_groupRadius: 1
    m_spawnAtNight: 1
    m_spawnAtDay: 0
    m_minAltitude: 0
    m_maxAltitude: 1000
    m_minTilt: 0
    m_maxTilt: 35
    m_inForest: 1
    m_outsideForest: 1
    m_minOceanDepth: 0
    m_maxOceanDepth: 0
    m_huntPlayer: 0
    m_groundOffset: 0.5
    m_maxLevel: 3
    m_minLevel: 1
    m_levelUpMinCenterDistance: 0
    m_foldout: 0
  - m_name:
    m_enabled: 1
    m_prefab: {fileID: 1990375702356760, guid: 5e3ac412a93a43740860dcebf50bfe55, type: 2}
    m_biome: 1
    m_biomeArea: 7
    m_maxSpawned: 2
    m_spawnInterval: 200
    m_spawnChance: 50
    m_spawnDistance: 20
    m_spawnRadiusMin: 0
    m_spawnRadiusMax: 0
    m_requiredGlobalKey: defeated_eikthyr
    m_requiredEnvironments: []
    m_groupSizeMin: 1
    m_groupSizeMax: 1
    m_groupRadius: 3
    m_spawnAtNight: 1
    m_spawnAtDay: 0
    m_minAltitude: 0
    m_maxAltitude: 1000
    m_minTilt: 0
    m_maxTilt: 35
    m_inForest: 1
    m_outsideForest: 1
    m_minOceanDepth: 0
    m_maxOceanDepth: 0
    m_huntPlayer: 0
    m_groundOffset: 0.5
    m_maxLevel: 1
    m_minLevel: 1
    m_levelUpMinCenterDistance: 0
    m_foldout: 0
  - m_name:
    m_enabled: 1
    m_prefab: {fileID: 1137520813871898, guid: 886d1239c968dfc45b318d5ddea7f278, type: 2}
    m_biome: 1
    m_biomeArea: 7
    m_maxSpawned: 2
    m_spawnInterval: 300
    m_spawnChance: 50
    m_spawnDistance: 30
    m_spawnRadiusMin: 0
    m_spawnRadiusMax: 0
    m_requiredGlobalKey:
    m_requiredEnvironments: []
    m_groupSizeMin: 1
    m_groupSizeMax: 1
    m_groupRadius: 3
    m_spawnAtNight: 1
    m_spawnAtDay: 1
    m_minAltitude: 0
    m_maxAltitude: 1000
    m_minTilt: 0
    m_maxTilt: 35
    m_inForest: 1
    m_outsideForest: 0
    m_minOceanDepth: 0
    m_maxOceanDepth: 0
    m_huntPlayer: 0
    m_groundOffset: 0.5
    m_maxLevel: 1
    m_minLevel: 1
    m_levelUpMinCenterDistance: 0
    m_foldout: 0
  - m_name: ODIN
    m_enabled: 1
    m_prefab: {fileID: 1390685105901066, guid: da55d6a3aae1cf146acba2694d6a5e50, type: 2}
    m_biome: 27
    m_biomeArea: 7
    m_maxSpawned: 1
    m_spawnInterval: 3000
    m_spawnChance: 10
    m_spawnDistance: 10
    m_spawnRadiusMin: 35
    m_spawnRadiusMax: 35
    m_requiredGlobalKey: defeated_gdking
    m_requiredEnvironments: []
    m_groupSizeMin: 1
    m_groupSizeMax: 1
    m_groupRadius: 3
    m_spawnAtNight: 1
    m_spawnAtDay: 0
    m_minAltitude: 0
    m_maxAltitude: 1000
    m_minTilt: 0
    m_maxTilt: 35
    m_inForest: 1
    m_outsideForest: 1
    m_minOceanDepth: 0
    m_maxOceanDepth: 0
    m_huntPlayer: 0
    m_groundOffset: 0.5
    m_maxLevel: 1
    m_minLevel: 1
    m_levelUpMinCenterDistance: 0
    m_foldout: 0
  - m_name:
    m_enabled: 1
    m_prefab: {fileID: 1535044704743945, guid: 13c0fcffc814c464c82be58b9c097d6c, type: 2}
    m_biome: 8
    m_biomeArea: -1
    m_maxSpawned: 1
    m_spawnInterval: 4000
    m_spawnChance: 5
    m_spawnDistance: 10
    m_spawnRadiusMin: 0
    m_spawnRadiusMax: 0
    m_requiredGlobalKey:
    m_requiredEnvironments: []
    m_groupSizeMin: 1
    m_groupSizeMax: 1
    m_groupRadius: 3
    m_spawnAtNight: 1
    m_spawnAtDay: 1
    m_minAltitude: 0
    m_maxAltitude: 1000
    m_minTilt: 0
    m_maxTilt: 35
    m_inForest: 1
    m_outsideForest: 1
    m_minOceanDepth: 0
    m_maxOceanDepth: 0
    m_huntPlayer: 0
    m_groundOffset: 0.5
    m_maxLevel: 3
    m_minLevel: 1
    m_levelUpMinCenterDistance: 2000
    m_foldout: 0
  - m_name: Marsh draugr
    m_enabled: 1
    m_prefab: {fileID: 1342960389523562, guid: 3bc5f4396d61d7149b291fa183b89fef, type: 2}
    m_biome: 2
    m_biomeArea: 7
    m_maxSpawned: 4
    m_spawnInterval: 120
    m_spawnChance: 50
    m_spawnDistance: 10
    m_spawnRadiusMin: 0
    m_spawnRadiusMax: 0
    m_requiredGlobalKey:
    m_requiredEnvironments: []
    m_groupSizeMin: 1
    m_groupSizeMax: 2
    m_groupRadius: 3
    m_spawnAtNight: 1
    m_spawnAtDay: 1
    m_minAltitude: -1.5
    m_maxAltitude: 10
    m_minTilt: 0
    m_maxTilt: 35
    m_inForest: 1
    m_outsideForest: 1
    m_minOceanDepth: 0
    m_maxOceanDepth: 0
    m_huntPlayer: 0
    m_groundOffset: 0.5
    m_maxLevel: 3
    m_minLevel: 1
    m_levelUpMinCenterDistance: 0
    m_foldout: 0
  - m_name:
    m_enabled: 1
    m_prefab: {fileID: 1469749743407482, guid: d97da24f5f51de241b434c4905663487, type: 2}
    m_biome: 2
    m_biomeArea: 7
    m_maxSpawned: 4
    m_spawnInterval: 400
    m_spawnChance: 25
    m_spawnDistance: 15
    m_spawnRadiusMin: 0
    m_spawnRadiusMax: 0
    m_requiredGlobalKey:
    m_requiredEnvironments: []
    m_groupSizeMin: 2
    m_groupSizeMax: 4
    m_groupRadius: 4
    m_spawnAtNight: 1
    m_spawnAtDay: 1
    m_minAltitude: -1
    m_maxAltitude: 10
    m_minTilt: 0
    m_maxTilt: 35
    m_inForest: 1
    m_outsideForest: 1
    m_minOceanDepth: 0
    m_maxOceanDepth: 0
    m_huntPlayer: 0
    m_groundOffset: 0.5
    m_maxLevel: 3
    m_minLevel: 1
    m_levelUpMinCenterDistance: 0
    m_foldout: 0
  - m_name:
    m_enabled: 1
    m_prefab: {fileID: 1054692168951121, guid: 0193af3fd846d794aac622796de41365, type: 2}
    m_biome: 2
    m_biomeArea: 2
    m_maxSpawned: 1
    m_spawnInterval: 300
    m_spawnChance: 5
    m_spawnDistance: 15
    m_spawnRadiusMin: 0
    m_spawnRadiusMax: 0
    m_requiredGlobalKey:
    m_requiredEnvironments: []
    m_groupSizeMin: 1
    m_groupSizeMax: 1
    m_groupRadius: 1
    m_spawnAtNight: 1
    m_spawnAtDay: 0
    m_minAltitude: -1.5
    m_maxAltitude: 10
    m_minTilt: 0
    m_maxTilt: 35
    m_inForest: 1
    m_outsideForest: 1
    m_minOceanDepth: 0
    m_maxOceanDepth: 0
    m_huntPlayer: 0
    m_groundOffset: 0.5
    m_maxLevel: 1
    m_minLevel: 1
    m_levelUpMinCenterDistance: 0
    m_foldout: 0
  - m_name: Marsh surtling
    m_enabled: 0
    m_prefab: {fileID: 1326462398970951, guid: d253a15a63f96864c867d7b6e19554bd, type: 2}
    m_biome: 2
    m_biomeArea: 7
    m_maxSpawned: 2
    m_spawnInterval: 40
    m_spawnChance: 30
    m_spawnDistance: 30
    m_spawnRadiusMin: 0
    m_spawnRadiusMax: 0
    m_requiredGlobalKey:
    m_requiredEnvironments: []
    m_groupSizeMin: 1
    m_groupSizeMax: 2
    m_groupRadius: 1
    m_spawnAtNight: 1
    m_spawnAtDay: 1
    m_minAltitude: 0
    m_maxAltitude: 1000
    m_minTilt: 0
    m_maxTilt: 35
    m_inForest: 1
    m_outsideForest: 1
    m_minOceanDepth: 0
    m_maxOceanDepth: 0
    m_huntPlayer: 0
    m_groundOffset: 0.5
    m_maxLevel: 1
    m_minLevel: 1
    m_levelUpMinCenterDistance: 0
    m_foldout: 0
  - m_name: Blob
    m_enabled: 1
    m_prefab: {fileID: 1558279590162083, guid: 6d219a4d2376b344391b18c607037a11, type: 2}
    m_biome: 2
    m_biomeArea: 7
    m_maxSpawned: 2
    m_spawnInterval: 500
    m_spawnChance: 20
    m_spawnDistance: 20
    m_spawnRadiusMin: 0
    m_spawnRadiusMax: 0
    m_requiredGlobalKey:
    m_requiredEnvironments: []
    m_groupSizeMin: 1
    m_groupSizeMax: 2
    m_groupRadius: 1
    m_spawnAtNight: 1
    m_spawnAtDay: 1
    m_minAltitude: -1
    m_maxAltitude: 1000
    m_minTilt: 0
    m_maxTilt: 35
    m_inForest: 1
    m_outsideForest: 1
    m_minOceanDepth: 0
    m_maxOceanDepth: 0
    m_huntPlayer: 0
    m_groundOffset: 0.5
    m_maxLevel: 1
    m_minLevel: 1
    m_levelUpMinCenterDistance: 0
    m_foldout: 0
  - m_name:
    m_enabled: 1
    m_prefab: {fileID: 1326190971177420, guid: 63125c06963c9b84fba2d2246c46eb3f, type: 2}
    m_biome: 2
    m_biomeArea: -1
    m_maxSpawned: 10
    m_spawnInterval: 200
    m_spawnChance: 50
    m_spawnDistance: 5
    m_spawnRadiusMin: 0
    m_spawnRadiusMax: 0
    m_requiredGlobalKey:
    m_requiredEnvironments: []
    m_groupSizeMin: 1
    m_groupSizeMax: 1
    m_groupRadius: 2
    m_spawnAtNight: 1
    m_spawnAtDay: 1
    m_minAltitude: -3
    m_maxAltitude: -0.1
    m_minTilt: 0
    m_maxTilt: 35
    m_inForest: 1
    m_outsideForest: 1
    m_minOceanDepth: 0
    m_maxOceanDepth: 0
    m_huntPlayer: 0
    m_groundOffset: 0.5
    m_maxLevel: 3
    m_minLevel: 1
    m_levelUpMinCenterDistance: 0
    m_foldout: 0
  - m_name:
    m_enabled: 1
    m_prefab: {fileID: 1498393802445132, guid: c0f71c3430446aa47a8163f163295892, type: 2}
    m_biome: 2
    m_biomeArea: 7
    m_maxSpawned: 1
    m_spawnInterval: 120
    m_spawnChance: 20
    m_spawnDistance: 20
    m_spawnRadiusMin: 0
    m_spawnRadiusMax: 0
    m_requiredGlobalKey:
    m_requiredEnvironments: []
    m_groupSizeMin: 1
    m_groupSizeMax: 1
    m_groupRadius: 1
    m_spawnAtNight: 1
    m_spawnAtDay: 0
    m_minAltitude: -1
    m_maxAltitude: 1000
    m_minTilt: 0
    m_maxTilt: 35
    m_inForest: 1
    m_outsideForest: 1
    m_minOceanDepth: 0
    m_maxOceanDepth: 0
    m_huntPlayer: 0
    m_groundOffset: 0.5
    m_maxLevel: 1
    m_minLevel: 1
    m_levelUpMinCenterDistance: 0
    m_foldout: 0
  - m_name:
    m_enabled: 1
    m_prefab: {fileID: 1280638897605826, guid: bda9d651480d7e540864182b5ca0729c, type: 2}
    m_biome: 16
    m_biomeArea: 7
    m_maxSpawned: 5
    m_spawnInterval: 60
    m_spawnChance: 33
    m_spawnDistance: 30
    m_spawnRadiusMin: 0
    m_spawnRadiusMax: 0
    m_requiredGlobalKey:
    m_requiredEnvironments: []
    m_groupSizeMin: 3
    m_groupSizeMax: 5
    m_groupRadius: 3
    m_spawnAtNight: 1
    m_spawnAtDay: 0
    m_minAltitude: 0
    m_maxAltitude: 1000
    m_minTilt: 0
    m_maxTilt: 35
    m_inForest: 1
    m_outsideForest: 1
    m_minOceanDepth: 0
    m_maxOceanDepth: 0
    m_huntPlayer: 0
    m_groundOffset: 0.5
    m_maxLevel: 3
    m_minLevel: 1
    m_levelUpMinCenterDistance: 0
    m_foldout: 0
  - m_name:
    m_enabled: 1
    m_prefab: {fileID: 1280638897605826, guid: bda9d651480d7e540864182b5ca0729c, type: 2}
    m_biome: 16
    m_biomeArea: 7
    m_maxSpawned: 2
    m_spawnInterval: 1000
    m_spawnChance: 33
    m_spawnDistance: 30
    m_spawnRadiusMin: 0
    m_spawnRadiusMax: 0
    m_requiredGlobalKey:
    m_requiredEnvironments: []
    m_groupSizeMin: 1
    m_groupSizeMax: 2
    m_groupRadius: 3
    m_spawnAtNight: 0
    m_spawnAtDay: 1
    m_minAltitude: 0
    m_maxAltitude: 1000
    m_minTilt: 0
    m_maxTilt: 35
    m_inForest: 1
    m_outsideForest: 1
    m_minOceanDepth: 0
    m_maxOceanDepth: 0
    m_huntPlayer: 0
    m_groundOffset: 0.5
    m_maxLevel: 3
    m_minLevel: 1
    m_levelUpMinCenterDistance: 0
    m_foldout: 0
  - m_name:
    m_enabled: 1
    m_prefab: {fileID: 1569888679885582, guid: a06cb0eeb5acb58478dfbfe4d10c7f4f, type: 2}
    m_biome: 16
    m_biomeArea: 7
    m_maxSpawned: 1
    m_spawnInterval: 1000
    m_spawnChance: 20
    m_spawnDistance: 100
    m_spawnRadiusMin: 0
    m_spawnRadiusMax: 0
    m_requiredGlobalKey:
    m_requiredEnvironments: []
    m_groupSizeMin: 1
    m_groupSizeMax: 2
    m_groupRadius: 3
    m_spawnAtNight: 0
    m_spawnAtDay: 0
    m_minAltitude: 0
    m_maxAltitude: 1000
    m_minTilt: 0
    m_maxTilt: 35
    m_inForest: 1
    m_outsideForest: 1
    m_minOceanDepth: 0
    m_maxOceanDepth: 0
    m_huntPlayer: 0
    m_groundOffset: 0.5
    m_maxLevel: 3
    m_minLevel: 1
    m_levelUpMinCenterDistance: 0
    m_foldout: 1
  - m_name:
    m_enabled: 1
    m_prefab: {fileID: 1626128255659979, guid: 2867e05f78150db4dae01f26d72e7e09, type: 2}
    m_biome: 16
    m_biomeArea: 7
    m_maxSpawned: 3
    m_spawnInterval: 1000
    m_spawnChance: 5
    m_spawnDistance: 100
    m_spawnRadiusMin: 0
    m_spawnRadiusMax: 0
    m_requiredGlobalKey:
    m_requiredEnvironments: []
    m_groupSizeMin: 2
    m_groupSizeMax: 4
    m_groupRadius: 10
    m_spawnAtNight: 1
    m_spawnAtDay: 1
    m_minAltitude: 1
    m_maxAltitude: 1000
    m_minTilt: 0
    m_maxTilt: 35
    m_inForest: 1
    m_outsideForest: 1
    m_minOceanDepth: 0
    m_maxOceanDepth: 0
    m_huntPlayer: 0
    m_groundOffset: 0.5
    m_maxLevel: 1
    m_minLevel: 1
    m_levelUpMinCenterDistance: 0
    m_foldout: 0
  - m_name:
    m_enabled: 1
    m_prefab: {fileID: 1832300106085931, guid: a9badbe1d18a3f34084c615c78fd21bd, type: 2}
    m_biome: 16
    m_biomeArea: 7
    m_maxSpawned: 3
    m_spawnInterval: 500
    m_spawnChance: 20
    m_spawnDistance: 30
    m_spawnRadiusMin: 0
    m_spawnRadiusMax: 0
    m_requiredGlobalKey:
    m_requiredEnvironments: []
    m_groupSizeMin: 1
    m_groupSizeMax: 2
    m_groupRadius: 10
    m_spawnAtNight: 1
    m_spawnAtDay: 1
    m_minAltitude: 1
    m_maxAltitude: 1000
    m_minTilt: 0
    m_maxTilt: 99
    m_inForest: 1
    m_outsideForest: 1
    m_minOceanDepth: 0
    m_maxOceanDepth: 0
    m_huntPlayer: 0
    m_groundOffset: 1
    m_maxLevel: 1
    m_minLevel: 1
    m_levelUpMinCenterDistance: 0
    m_foldout: 0
  - m_name:
    m_enabled: 1
    m_prefab: {fileID: 1124037675028193, guid: 4a71df3d48e7c624280509981f850fb5, type: 2}
    m_biome: 2
    m_biomeArea: -1
    m_maxSpawned: 2
    m_spawnInterval: 200
    m_spawnChance: 30
    m_spawnDistance: 20
    m_spawnRadiusMin: 0
    m_spawnRadiusMax: 0
    m_requiredGlobalKey:
    m_requiredEnvironments: []
    m_groupSizeMin: 1
    m_groupSizeMax: 1
    m_groupRadius: 1
    m_spawnAtNight: 1
    m_spawnAtDay: 0
    m_minAltitude: -2
    m_maxAltitude: 1000
    m_minTilt: 0
    m_maxTilt: 35
    m_inForest: 1
    m_outsideForest: 1
    m_minOceanDepth: 0
    m_maxOceanDepth: 0
    m_huntPlayer: 0
    m_groundOffset: 50
    m_maxLevel: 1
    m_minLevel: 1
    m_levelUpMinCenterDistance: 0
    m_foldout: 1
  - m_name:
    m_enabled: 1
    m_prefab: {fileID: 1080736789365150, guid: 987b432164e7536479556dc6e1f25a17, type: 2}
    m_biome: 4
    m_biomeArea: 6
    m_maxSpawned: 1
    m_spawnInterval: 120
    m_spawnChance: 25.6
    m_spawnDistance: 10
    m_spawnRadiusMin: 0
    m_spawnRadiusMax: 0
    m_requiredGlobalKey:
    m_requiredEnvironments: []
    m_groupSizeMin: 1
    m_groupSizeMax: 1
    m_groupRadius: 4
    m_spawnAtNight: 1
    m_spawnAtDay: 1
    m_minAltitude: 120
    m_maxAltitude: 1000
    m_minTilt: 0
    m_maxTilt: 35
    m_inForest: 1
    m_outsideForest: 1
    m_minOceanDepth: 0
    m_maxOceanDepth: 0
    m_huntPlayer: 0
    m_groundOffset: 0.5
    m_maxLevel: 1
    m_minLevel: 1
    m_levelUpMinCenterDistance: 0
    m_foldout: 0
  - m_name:
    m_enabled: 1
    m_prefab: {fileID: 1372776661961959, guid: 43431aa14f2b93f47bc19cf7018cd2ad, type: 2}
    m_biome: 4
    m_biomeArea: 6
    m_maxSpawned: 2
    m_spawnInterval: 120
    m_spawnChance: 25.6
    m_spawnDistance: 10
    m_spawnRadiusMin: 0
    m_spawnRadiusMax: 0
    m_requiredGlobalKey:
    m_requiredEnvironments: []
    m_groupSizeMin: 1
    m_groupSizeMax: 1
    m_groupRadius: 4
    m_spawnAtNight: 1
    m_spawnAtDay: 1
    m_minAltitude: 100
    m_maxAltitude: 1000
    m_minTilt: 0
    m_maxTilt: 66
    m_inForest: 1
    m_outsideForest: 1
    m_minOceanDepth: 0
    m_maxOceanDepth: 0
    m_huntPlayer: 0
    m_groundOffset: 10
    m_maxLevel: 1
    m_minLevel: 1
    m_levelUpMinCenterDistance: 0
    m_foldout: 0
  - m_name:
    m_enabled: 1
    m_prefab: {fileID: 1076078272211236, guid: 19baf24c092f59d4996a5fb9cd31d717, type: 2}
    m_biome: 4
    m_biomeArea: 6
    m_maxSpawned: 6
    m_spawnInterval: 120
    m_spawnChance: 50
    m_spawnDistance: 30
    m_spawnRadiusMin: 0
    m_spawnRadiusMax: 0
    m_requiredGlobalKey:
    m_requiredEnvironments: []
    m_groupSizeMin: 2
    m_groupSizeMax: 4
    m_groupRadius: 5
    m_spawnAtNight: 1
    m_spawnAtDay: 0
    m_minAltitude: 0
    m_maxAltitude: 1000
    m_minTilt: 0
    m_maxTilt: 45
    m_inForest: 1
    m_outsideForest: 1
    m_minOceanDepth: 0
    m_maxOceanDepth: 0
    m_huntPlayer: 0
    m_groundOffset: 0.5
    m_maxLevel: 3
    m_minLevel: 1
    m_levelUpMinCenterDistance: 0
    m_foldout: 0
  - m_name:
    m_enabled: 1
    m_prefab: {fileID: 1076078272211236, guid: 19baf24c092f59d4996a5fb9cd31d717, type: 2}
    m_biome: 4
    m_biomeArea: 6
    m_maxSpawned: 3
    m_spawnInterval: 400
    m_spawnChance: 25.6
    m_spawnDistance: 30
    m_spawnRadiusMin: 0
    m_spawnRadiusMax: 0
    m_requiredGlobalKey:
    m_requiredEnvironments: []
    m_groupSizeMin: 1
    m_groupSizeMax: 2
    m_groupRadius: 5
    m_spawnAtNight: 0
    m_spawnAtDay: 1
    m_minAltitude: 0
    m_maxAltitude: 1000
    m_minTilt: 0
    m_maxTilt: 45
    m_inForest: 1
    m_outsideForest: 1
    m_minOceanDepth: 0
    m_maxOceanDepth: 0
    m_huntPlayer: 0
    m_groundOffset: 0.5
    m_maxLevel: 1
    m_minLevel: 1
    m_levelUpMinCenterDistance: 0
    m_foldout: 0
  - m_name:
    m_enabled: 1
    m_prefab: {fileID: 1169670558727131, guid: 266530620a9794049b389972f17b69e0, type: 2}
    m_biome: 8
    m_biomeArea: 7
    m_maxSpawned: 4
    m_spawnInterval: 20
    m_spawnChance: 100
    m_spawnDistance: 10
    m_spawnRadiusMin: 0
    m_spawnRadiusMax: 0
    m_requiredGlobalKey:
    m_requiredEnvironments: []
    m_groupSizeMin: 1
    m_groupSizeMax: 1
    m_groupRadius: 3
    m_spawnAtNight: 1
    m_spawnAtDay: 0
    m_minAltitude: 0
    m_maxAltitude: 1000
    m_minTilt: 0
    m_maxTilt: 35
    m_inForest: 1
    m_outsideForest: 1
    m_minOceanDepth: 0
    m_maxOceanDepth: 0
    m_huntPlayer: 0
    m_groundOffset: 0.5
    m_maxLevel: 1
    m_minLevel: 1
    m_levelUpMinCenterDistance: 0
    m_foldout: 0
  - m_name:
    m_enabled: 1
    m_prefab: {fileID: 1326462398970951, guid: d253a15a63f96864c867d7b6e19554bd, type: 2}
    m_biome: 32
    m_biomeArea: -1
    m_maxSpawned: 10
    m_spawnInterval: 8
    m_spawnChance: 100
    m_spawnDistance: 10
    m_spawnRadiusMin: 0
    m_spawnRadiusMax: 0
    m_requiredGlobalKey:
    m_requiredEnvironments: []
    m_groupSizeMin: 1
    m_groupSizeMax: 1
    m_groupRadius: 3
    m_spawnAtNight: 1
    m_spawnAtDay: 1
    m_minAltitude: -1000
    m_maxAltitude: 1000
    m_minTilt: 0
    m_maxTilt: 35
    m_inForest: 1
    m_outsideForest: 1
    m_minOceanDepth: 0
    m_maxOceanDepth: 0
    m_huntPlayer: 0
    m_groundOffset: 0.5
    m_maxLevel: 1
    m_minLevel: 1
    m_levelUpMinCenterDistance: 0
    m_foldout: 0
  - m_name:
    m_enabled: 1
    m_prefab: {fileID: 1832640265631735, guid: ba3f9f54a13672d46902b9ddd9d4835e, type: 2}
    m_biome: 256
    m_biomeArea: 2
    m_maxSpawned: 1
    m_spawnInterval: 1000
    m_spawnChance: 5
    m_spawnDistance: 50
    m_spawnRadiusMin: 0
    m_spawnRadiusMax: 0
    m_requiredGlobalKey:
    m_requiredEnvironments: []
    m_groupSizeMin: 1
    m_groupSizeMax: 1
    m_groupRadius: 3
    m_spawnAtNight: 1
    m_spawnAtDay: 0
    m_minAltitude: -1000
    m_maxAltitude: -5
    m_minTilt: 0
    m_maxTilt: 35
    m_inForest: 1
    m_outsideForest: 1
    m_minOceanDepth: 0
    m_maxOceanDepth: 0
    m_huntPlayer: 0
    m_groundOffset: 0.5
    m_maxLevel: 1
    m_minLevel: 1
    m_levelUpMinCenterDistance: 0
    m_foldout: 1
  - m_name:
    m_enabled: 1
    m_prefab: {fileID: 1832640265631735, guid: ba3f9f54a13672d46902b9ddd9d4835e, type: 2}
    m_biome: 256
    m_biomeArea: 2
    m_maxSpawned: 1
    m_spawnInterval: 1000
    m_spawnChance: 5
    m_spawnDistance: 50
    m_spawnRadiusMin: 0
    m_spawnRadiusMax: 0
    m_requiredGlobalKey:
    m_requiredEnvironments:
    - ThunderStorm
    - Rain
    m_groupSizeMin: 1
    m_groupSizeMax: 1
    m_groupRadius: 3
    m_spawnAtNight: 1
    m_spawnAtDay: 1
    m_minAltitude: -1000
    m_maxAltitude: -5
    m_minTilt: 0
    m_maxTilt: 35
    m_inForest: 1
    m_outsideForest: 1
    m_minOceanDepth: 0
    m_maxOceanDepth: 0
    m_huntPlayer: 0
    m_groundOffset: 0.5
    m_maxLevel: 1
    m_minLevel: 1
    m_levelUpMinCenterDistance: 0
    m_foldout: 1
  m_biomeFolded: 02000000
--- !u!114 &114518153839200373
MonoBehaviour:
  m_CorrespondingSourceObject: {fileID: 0}
  m_PrefabInstance: {fileID: 100100000}
  m_PrefabAsset: {fileID: 0}
  m_GameObject: {fileID: 1824480825440057}
  m_Enabled: 1
  m_EditorHideFlags: 0
  m_Script: {fileID: 11500000, guid: 8d13d63090ca3f942b327ae131eec5a0, type: 3}
  m_Name:
  m_EditorClassIdentifier:
  m_persistent: 1
  m_distant: 0
  m_type: 0
  m_syncInitialScale: 0
