%YAML 1.1
%TAG !u! tag:unity3d.com,2011:
--- !u!1001 &100100000
PrefabInstance:
  serializedVersion: 2
  m_RootGameObject: {fileID: 1654357851968704}
  m_Modification:
    m_TransformParent: {fileID: 0}
    m_Modifications: []
    m_RemovedComponents: []
  m_SourcePrefab: {fileID: 0}
--- !u!1 &1654357851968704
GameObject:
  m_CorrespondingSourceObject: {fileID: 0}
  m_PrefabInstance: {fileID: 100100000}
  m_PrefabAsset: {fileID: 0}
  serializedVersion: 5
  m_Component:
  - component: {fileID: 4355268821280075}
  - component: {fileID: 114100195502533542}
  m_Layer: 12
  m_Name: Beard10
  m_TagString: Untagged
  m_Icon: {fileID: 0}
  m_NavMeshLayer: 0
  m_StaticEditorFlags: 0
  m_IsActive: 1
--- !u!4 &4355268821280075
Transform:
  m_CorrespondingSourceObject: {fileID: 0}
  m_PrefabInstance: {fileID: 100100000}
  m_PrefabAsset: {fileID: 0}
  m_GameObject: {fileID: 1654357851968704}
  m_LocalRotation: {x: -0.002134006, y: 0, z: 0, w: 0.9999977}
  m_LocalPosition: {x: -0.2868688, y: 51.06564, z: -1.36434}
  m_LocalScale: {x: 0.9499998, y: 0.9500002, z: 0.9500005}
  m_Children:
  - {fileID: 4543648296309232}
  m_Father: {fileID: 0}
  m_RootOrder: 0
  m_LocalEulerAnglesHint: {x: -0.2445393, y: 0, z: 0}
--- !u!114 &114100195502533542
MonoBehaviour:
  m_CorrespondingSourceObject: {fileID: 0}
  m_PrefabInstance: {fileID: 100100000}
  m_PrefabAsset: {fileID: 0}
  m_GameObject: {fileID: 1654357851968704}
  m_Enabled: 1
  m_EditorHideFlags: 0
  m_Script: {fileID: 11500000, guid: ee3583957fdcbe54a95d5c71c47d06a6, type: 3}
  m_Name:
  m_EditorClassIdentifier:
  m_autoPickup: 1
  m_autoDestroy: 1
  m_itemData:
    m_stack: 1
    m_durability: 100
    m_quality: 1
    m_variant: 0
    m_shared:
      m_name: $customization_beard10
      m_dlc:
      m_itemType: 10
      m_icons: []
      m_attachOverride: 0
      m_description:
      m_maxStackSize: 1
      m_maxQuality: 1
      m_weight: 1
      m_value: 0
      m_teleportable: 1
      m_questItem: 0
      m_equipDuration: 1
      m_variants: 0
      m_trophyPos: {x: 0, y: 0}
      m_buildPieces: {fileID: 0}
      m_centerCamera: 0
      m_setName:
      m_setSize: 0
      m_setStatusEffect: {fileID: 0}
      m_equipStatusEffect: {fileID: 0}
      m_movementModifier: 0
      m_food: 0
      m_foodStamina: 0
      m_foodBurnTime: 0
      m_foodRegen: 0
      m_foodColor: {r: 1, g: 1, b: 1, a: 1}
      m_armorMaterial: {fileID: 0}
      m_helmetHideHair: 1
      m_armor: 5
      m_armorPerLevel: 1
      m_damageModifiers: []
      m_blockPower: 10
      m_blockPowerPerLevel: 0
      m_deflectionForce: 0
      m_deflectionForcePerLevel: 0
      m_timedBlockBonus: 1.5
      m_animationState: 1
      m_skillType: 1
      m_toolTier: 0
      m_damages:
        m_damage: 0
        m_blunt: 10
        m_slash: 0
        m_pierce: 0
        m_chop: 0
        m_pickaxe: 0
        m_fire: 0
        m_frost: 0
        m_lightning: 0
        m_poison: 0
        m_spirit: 0
      m_damagesPerLevel:
        m_damage: 0
        m_blunt: 0
        m_slash: 0
        m_pierce: 0
        m_chop: 0
        m_pickaxe: 0
        m_fire: 0
        m_frost: 0
        m_lightning: 0
        m_poison: 0
        m_spirit: 0
      m_attackForce: 30
      m_backstabBonus: 4
      m_dodgeable: 1
      m_blockable: 1
      m_tamedOnly: 0
      m_attackStatusEffect: {fileID: 0}
      m_spawnOnHit: {fileID: 0}
      m_spawnOnHitTerrain: {fileID: 0}
      m_attack:
        m_attackType: 0
        m_attackAnimation:
        m_attackRandomAnimations: 0
        m_attackChainLevels: 0
        m_consumeItem: 0
        m_hitTerrain: 1
        m_attackStamina: 20
        m_speedFactor: 0.2
        m_speedFactorRotation: 0.2
        m_attackStartNoise: 10
        m_attackHitNoise: 30
        m_damageMultiplier: 1
        m_forceMultiplier: 1
        m_staggerMultiplier: 1
        m_attackOriginJoint:
        m_attackRange: 2.4
        m_attackHeight: 0.8
        m_attackOffset: 0
        m_spawnOnTrigger: {fileID: 0}
        m_attackAngle: 90
        m_attackRayWidth: 0
        m_maxYAngle: 0
        m_lowerDamagePerHit: 1
        m_hitPointtype: 0
        m_hitThroughWalls: 0
        m_multiHit: 1
        m_pickaxeSpecial: 0
        m_lastChainDamageMultiplier: 2
        m_resetChainIfHit: 0
        m_skillHitType: 4
        m_specialHitSkill: 0
        m_specialHitType: 0
        m_attackProjectile: {fileID: 0}
        m_projectileVel: 10
        m_projectileVelMin: 2
        m_projectileAccuracy: 10
        m_projectileAccuracyMin: 20
        m_useCharacterFacing: 0
        m_useCharacterFacingYAim: 0
        m_launchAngle: 0
        m_projectiles: 1
        m_projectileBursts: 1
        m_burstInterval: 0
        m_destroyPreviousProjectile: 0
        m_hitEffect:
          m_effectPrefabs: []
        m_hitTerrainEffect:
          m_effectPrefabs: []
        m_startEffect:
          m_effectPrefabs: []
        m_triggerEffect:
          m_effectPrefabs: []
        m_trailStartEffect:
          m_effectPrefabs: []
      m_secondaryAttack:
        m_attackType: 0
        m_attackAnimation:
        m_attackRandomAnimations: 0
        m_attackChainLevels: 0
        m_consumeItem: 0
        m_hitTerrain: 1
        m_attackStamina: 20
        m_speedFactor: 0.2
        m_speedFactorRotation: 0.2
        m_attackStartNoise: 10
        m_attackHitNoise: 30
        m_damageMultiplier: 1
        m_forceMultiplier: 1
        m_staggerMultiplier: 1
        m_attackOriginJoint:
        m_attackRange: 1.5
        m_attackHeight: 0.6
        m_attackOffset: 0
        m_spawnOnTrigger: {fileID: 0}
        m_attackAngle: 90
        m_attackRayWidth: 0
        m_maxYAngle: 0
        m_lowerDamagePerHit: 1
        m_hitPointtype: 0
        m_hitThroughWalls: 0
        m_multiHit: 1
        m_pickaxeSpecial: 0
        m_lastChainDamageMultiplier: 2
        m_resetChainIfHit: 0
        m_skillHitType: 4
        m_specialHitSkill: 0
        m_specialHitType: 0
        m_attackProjectile: {fileID: 0}
        m_projectileVel: 10
        m_projectileVelMin: 2
        m_projectileAccuracy: 10
        m_projectileAccuracyMin: 20
        m_useCharacterFacing: 0
        m_useCharacterFacingYAim: 0
        m_launchAngle: 0
        m_projectiles: 1
        m_projectileBursts: 1
        m_burstInterval: 0
        m_destroyPreviousProjectile: 0
        m_hitEffect:
          m_effectPrefabs: []
        m_hitTerrainEffect:
          m_effectPrefabs: []
        m_startEffect:
          m_effectPrefabs: []
        m_triggerEffect:
          m_effectPrefabs: []
        m_trailStartEffect:
          m_effectPrefabs: []
      m_useDurability: 0
      m_destroyBroken: 1
      m_canBeReparied: 1
      m_maxDurability: 100
      m_durabilityPerLevel: 50
      m_useDurabilityDrain: 1
      m_durabilityDrain: 0
      m_holdDurationMin: 0
      m_holdStaminaDrain: 0
      m_holdAnimationState:
      m_ammoType:
      m_aiAttackRange: 2
      m_aiAttackRangeMin: 0
      m_aiAttackInterval: 2
      m_aiAttackMaxAngle: 5
      m_aiWhenFlying: 1
      m_aiWhenWalking: 1
      m_aiWhenSwiming: 1
      m_aiPrioritized: 0
      m_aiTargetType: 0
      m_hitEffect:
        m_effectPrefabs: []
      m_hitTerrainEffect:
        m_effectPrefabs: []
      m_blockEffect:
        m_effectPrefabs: []
      m_startEffect:
        m_effectPrefabs: []
      m_holdStartEffect:
        m_effectPrefabs: []
      m_triggerEffect:
        m_effectPrefabs: []
      m_trailStartEffect:
        m_effectPrefabs: []
      m_consumeStatusEffect: {fileID: 0}
--- !u!1 &1939627002084589
GameObject:
  m_CorrespondingSourceObject: {fileID: 0}
  m_PrefabInstance: {fileID: 100100000}
  m_PrefabAsset: {fileID: 0}
  serializedVersion: 5
  m_Component:
  - component: {fileID: 4543648296309232}
  m_Layer: 0
  m_Name: attach_skin
  m_TagString: Untagged
  m_Icon: {fileID: 0}
  m_NavMeshLayer: 0
  m_StaticEditorFlags: 0
  m_IsActive: 1
--- !u!4 &4543648296309232
Transform:
  m_CorrespondingSourceObject: {fileID: 0}
  m_PrefabInstance: {fileID: 100100000}
  m_PrefabAsset: {fileID: 0}
  m_GameObject: {fileID: 1939627002084589}
  m_LocalRotation: {x: 0, y: 0, z: 0, w: 1}
  m_LocalPosition: {x: 0, y: 0, z: 0}
  m_LocalScale: {x: 1, y: 1, z: 1}
  m_Children:
  - {fileID: 4074662915051237}
  - {fileID: 4452432308935853}
  m_Father: {fileID: 4355268821280075}
  m_RootOrder: 0
  m_LocalEulerAnglesHint: {x: 0, y: 0, z: 0}
--- !u!1 &1054691819521035
GameObject:
  m_CorrespondingSourceObject: {fileID: 0}
  m_PrefabInstance: {fileID: 100100000}
  m_PrefabAsset: {fileID: 0}
  serializedVersion: 5
  m_Component:
  - component: {fileID: 4074662915051237}
  m_Layer: 0
  m_Name: Armature
  m_TagString: Untagged
  m_Icon: {fileID: 0}
  m_NavMeshLayer: 0
  m_StaticEditorFlags: 0
  m_IsActive: 1
--- !u!4 &4074662915051237
Transform:
  m_CorrespondingSourceObject: {fileID: 0}
  m_PrefabInstance: {fileID: 100100000}
  m_PrefabAsset: {fileID: 0}
  m_GameObject: {fileID: 1054691819521035}
  m_LocalRotation: {x: -0.7071068, y: 0, z: 0, w: 0.7071067}
  m_LocalPosition: {x: 0, y: 0, z: 0}
  m_LocalScale: {x: 100, y: 100, z: 100}
  m_Children:
  - {fileID: 4202507535765336}
  m_Father: {fileID: 4543648296309232}
  m_RootOrder: 0
  m_LocalEulerAnglesHint: {x: -90.00001, y: 0, z: 0}
--- !u!1 &1327144778472633
GameObject:
  m_CorrespondingSourceObject: {fileID: 0}
  m_PrefabInstance: {fileID: 100100000}
  m_PrefabAsset: {fileID: 0}
  serializedVersion: 5
  m_Component:
  - component: {fileID: 4202507535765336}
  m_Layer: 0
  m_Name: Hips
  m_TagString: Untagged
  m_Icon: {fileID: 0}
  m_NavMeshLayer: 0
  m_StaticEditorFlags: 0
  m_IsActive: 1
--- !u!4 &4202507535765336
Transform:
  m_CorrespondingSourceObject: {fileID: 0}
  m_PrefabInstance: {fileID: 100100000}
  m_PrefabAsset: {fileID: 0}
  m_GameObject: {fileID: 1327144778472633}
  m_LocalRotation: {x: 0.7071068, y: 0, z: 0, w: 0.7071067}
  m_LocalPosition: {x: 0, y: 7.026316E-05, z: 0.009579787}
  m_LocalScale: {x: 1, y: 1, z: 1}
  m_Children:
  - {fileID: 4789533969918568}
  - {fileID: 4088048780486553}
  - {fileID: 4918654027094140}
  m_Father: {fileID: 4074662915051237}
  m_RootOrder: 0
  m_LocalEulerAnglesHint: {x: 90.00001, y: 0, z: 0}
--- !u!1 &1501998863902627
GameObject:
  m_CorrespondingSourceObject: {fileID: 0}
  m_PrefabInstance: {fileID: 100100000}
  m_PrefabAsset: {fileID: 0}
  serializedVersion: 5
  m_Component:
  - component: {fileID: 4789533969918568}
  m_Layer: 0
  m_Name: LeftUpLeg
  m_TagString: Untagged
  m_Icon: {fileID: 0}
  m_NavMeshLayer: 0
  m_StaticEditorFlags: 0
  m_IsActive: 1
--- !u!4 &4789533969918568
Transform:
  m_CorrespondingSourceObject: {fileID: 0}
  m_PrefabInstance: {fileID: 100100000}
  m_PrefabAsset: {fileID: 0}
  m_GameObject: {fileID: 1501998863902627}
  m_LocalRotation: {x: 0.0002601492, y: -0.03361914, z: 0.9994042, w: 0.00780658}
  m_LocalPosition: {x: -0.001028195, y: 0.001144692, z: -5.299361E-05}
  m_LocalScale: {x: 1.000004, y: 1, z: 1.000067}
  m_Children:
  - {fileID: 4036845785789381}
  m_Father: {fileID: 4202507535765336}
  m_RootOrder: 0
  m_LocalEulerAnglesHint: {x: -3.852846, y: 0.05986776, z: -179.1069}
--- !u!1 &1129459857288333
GameObject:
  m_CorrespondingSourceObject: {fileID: 0}
  m_PrefabInstance: {fileID: 100100000}
  m_PrefabAsset: {fileID: 0}
  serializedVersion: 5
  m_Component:
  - component: {fileID: 4036845785789381}
  m_Layer: 0
  m_Name: LeftLeg
  m_TagString: Untagged
  m_Icon: {fileID: 0}
  m_NavMeshLayer: 0
  m_StaticEditorFlags: 0
  m_IsActive: 1
--- !u!4 &4036845785789381
Transform:
  m_CorrespondingSourceObject: {fileID: 0}
  m_PrefabInstance: {fileID: 100100000}
  m_PrefabAsset: {fileID: 0}
  m_GameObject: {fileID: 1129459857288333}
  m_LocalRotation: {x: -0.003857396, y: -2.066256E-05, z: 0.003137333, w: 0.9999877}
  m_LocalPosition: {x: -4.976755E-11, y: 0.004738677, z: -2.276693E-11}
  m_LocalScale: {x: 1, y: 1, z: 1}
  m_Children:
  - {fileID: 4463191889233466}
  m_Father: {fileID: 4789533969918568}
  m_RootOrder: 0
  m_LocalEulerAnglesHint: {x: -0.4420314, y: 0.0009809455, z: -0.3595189}
--- !u!1 &1169057294762096
GameObject:
  m_CorrespondingSourceObject: {fileID: 0}
  m_PrefabInstance: {fileID: 100100000}
  m_PrefabAsset: {fileID: 0}
  serializedVersion: 5
  m_Component:
  - component: {fileID: 4463191889233466}
  m_Layer: 0
  m_Name: LeftFoot
  m_TagString: Untagged
  m_Icon: {fileID: 0}
  m_NavMeshLayer: 0
  m_StaticEditorFlags: 0
  m_IsActive: 1
--- !u!4 &4463191889233466
Transform:
  m_CorrespondingSourceObject: {fileID: 0}
  m_PrefabInstance: {fileID: 100100000}
  m_PrefabAsset: {fileID: 0}
  m_GameObject: {fileID: 1169057294762096}
  m_LocalRotation: {x: 0.484922, y: -0.03238014, z: 0.01797062, w: 0.873773}
  m_LocalPosition: {x: 1.202716E-10, y: 0.004699663, z: 1.4958E-10}
  m_LocalScale: {x: 0.9999999, y: 1, z: 0.9999999}
  m_Children:
  - {fileID: 4716824266740772}
  m_Father: {fileID: 4036845785789381}
  m_RootOrder: 0
  m_LocalEulerAnglesHint: {x: 58.05833, y: 4.244598, z: -4.651112E-05}
--- !u!1 &1022488820832255
GameObject:
  m_CorrespondingSourceObject: {fileID: 0}
  m_PrefabInstance: {fileID: 100100000}
  m_PrefabAsset: {fileID: 0}
  serializedVersion: 5
  m_Component:
  - component: {fileID: 4716824266740772}
  m_Layer: 0
  m_Name: LeftToeBase
  m_TagString: Untagged
  m_Icon: {fileID: 0}
  m_NavMeshLayer: 0
  m_StaticEditorFlags: 0
  m_IsActive: 1
--- !u!4 &4716824266740772
Transform:
  m_CorrespondingSourceObject: {fileID: 0}
  m_PrefabInstance: {fileID: 100100000}
  m_PrefabAsset: {fileID: 0}
  m_GameObject: {fileID: 1022488820832255}
  m_LocalRotation: {x: 0.2955232, y: 0.1077301, z: -0.06653062, w: 0.9469076}
  m_LocalPosition: {x: 6.284608E-11, y: 0.002158782, z: -3.026798E-11}
  m_LocalScale: {x: 1, y: 1, z: 0.9999999}
  m_Children: []
  m_Father: {fileID: 4463191889233466}
  m_RootOrder: 0
  m_LocalEulerAnglesHint: {x: 34.21031, y: -14.08396, z: 3.684063}
--- !u!1 &1828725417718699
GameObject:
  m_CorrespondingSourceObject: {fileID: 0}
  m_PrefabInstance: {fileID: 100100000}
  m_PrefabAsset: {fileID: 0}
  serializedVersion: 5
  m_Component:
  - component: {fileID: 4088048780486553}
  m_Layer: 0
  m_Name: RightUpLeg
  m_TagString: Untagged
  m_Icon: {fileID: 0}
  m_NavMeshLayer: 0
  m_StaticEditorFlags: 0
  m_IsActive: 1
--- !u!4 &4088048780486553
Transform:
  m_CorrespondingSourceObject: {fileID: 0}
  m_PrefabInstance: {fileID: 100100000}
  m_PrefabAsset: {fileID: 0}
  m_GameObject: {fileID: 1828725417718699}
  m_LocalRotation: {x: -0.0002601492, y: -0.03361914, z: 0.9994042, w: -0.00780658}
  m_LocalPosition: {x: 0.001028195, y: 0.001144692, z: -5.299361E-05}
  m_LocalScale: {x: 1.000004, y: 1, z: 1.000067}
  m_Children:
  - {fileID: 4712888273412217}
  m_Father: {fileID: 4202507535765336}
  m_RootOrder: 1
  m_LocalEulerAnglesHint: {x: -3.852846, y: -0.05986776, z: 179.1069}
--- !u!1 &1282100451317547
GameObject:
  m_CorrespondingSourceObject: {fileID: 0}
  m_PrefabInstance: {fileID: 100100000}
  m_PrefabAsset: {fileID: 0}
  serializedVersion: 5
  m_Component:
  - component: {fileID: 4712888273412217}
  m_Layer: 0
  m_Name: RightLeg
  m_TagString: Untagged
  m_Icon: {fileID: 0}
  m_NavMeshLayer: 0
  m_StaticEditorFlags: 0
  m_IsActive: 1
--- !u!4 &4712888273412217
Transform:
  m_CorrespondingSourceObject: {fileID: 0}
  m_PrefabInstance: {fileID: 100100000}
  m_PrefabAsset: {fileID: 0}
  m_GameObject: {fileID: 1282100451317547}
  m_LocalRotation: {x: -0.003857396, y: 2.066256E-05, z: -0.003137333, w: 0.9999877}
  m_LocalPosition: {x: 4.976755E-11, y: 0.004738677, z: -2.276693E-11}
  m_LocalScale: {x: 1, y: 1, z: 1}
  m_Children:
  - {fileID: 4802428786981978}
  m_Father: {fileID: 4088048780486553}
  m_RootOrder: 0
  m_LocalEulerAnglesHint: {x: -0.4420314, y: -0.0009809455, z: 0.3595189}
--- !u!1 &1313469838057525
GameObject:
  m_CorrespondingSourceObject: {fileID: 0}
  m_PrefabInstance: {fileID: 100100000}
  m_PrefabAsset: {fileID: 0}
  serializedVersion: 5
  m_Component:
  - component: {fileID: 4802428786981978}
  m_Layer: 0
  m_Name: RightFoot
  m_TagString: Untagged
  m_Icon: {fileID: 0}
  m_NavMeshLayer: 0
  m_StaticEditorFlags: 0
  m_IsActive: 1
--- !u!4 &4802428786981978
Transform:
  m_CorrespondingSourceObject: {fileID: 0}
  m_PrefabInstance: {fileID: 100100000}
  m_PrefabAsset: {fileID: 0}
  m_GameObject: {fileID: 1313469838057525}
  m_LocalRotation: {x: 0.484922, y: 0.03238014, z: -0.01797062, w: 0.873773}
  m_LocalPosition: {x: -1.202716E-10, y: 0.004699663, z: 1.4958E-10}
  m_LocalScale: {x: 0.9999999, y: 1, z: 0.9999999}
  m_Children:
  - {fileID: 4334326532806298}
  m_Father: {fileID: 4712888273412217}
  m_RootOrder: 0
  m_LocalEulerAnglesHint: {x: 58.05833, y: -4.244598, z: 4.651112E-05}
--- !u!1 &1453089793193611
GameObject:
  m_CorrespondingSourceObject: {fileID: 0}
  m_PrefabInstance: {fileID: 100100000}
  m_PrefabAsset: {fileID: 0}
  serializedVersion: 5
  m_Component:
  - component: {fileID: 4334326532806298}
  m_Layer: 0
  m_Name: RightToeBase
  m_TagString: Untagged
  m_Icon: {fileID: 0}
  m_NavMeshLayer: 0
  m_StaticEditorFlags: 0
  m_IsActive: 1
--- !u!4 &4334326532806298
Transform:
  m_CorrespondingSourceObject: {fileID: 0}
  m_PrefabInstance: {fileID: 100100000}
  m_PrefabAsset: {fileID: 0}
  m_GameObject: {fileID: 1453089793193611}
  m_LocalRotation: {x: 0.2955232, y: -0.1077301, z: 0.06653062, w: 0.9469076}
  m_LocalPosition: {x: -6.284608E-11, y: 0.002158782, z: -3.026798E-11}
  m_LocalScale: {x: 1, y: 1, z: 0.9999999}
  m_Children: []
  m_Father: {fileID: 4802428786981978}
  m_RootOrder: 0
  m_LocalEulerAnglesHint: {x: 34.21031, y: 14.08396, z: -3.684063}
--- !u!1 &1749957904036042
GameObject:
  m_CorrespondingSourceObject: {fileID: 0}
  m_PrefabInstance: {fileID: 100100000}
  m_PrefabAsset: {fileID: 0}
  serializedVersion: 5
  m_Component:
  - component: {fileID: 4918654027094140}
  m_Layer: 0
  m_Name: Spine
  m_TagString: Untagged
  m_Icon: {fileID: 0}
  m_NavMeshLayer: 0
  m_StaticEditorFlags: 0
  m_IsActive: 1
--- !u!4 &4918654027094140
Transform:
  m_CorrespondingSourceObject: {fileID: 0}
  m_PrefabInstance: {fileID: 100100000}
  m_PrefabAsset: {fileID: 0}
  m_GameObject: {fileID: 1749957904036042}
  m_LocalRotation: {x: -0.03922647, y: 0, z: 0, w: 0.9992304}
  m_LocalPosition: {x: 0, y: 0.001202162, z: 1.598366E-12}
  m_LocalScale: {x: 1, y: 1, z: 1}
  m_Children:
  - {fileID: 4025062136149735}
  m_Father: {fileID: 4202507535765336}
  m_RootOrder: 2
  m_LocalEulerAnglesHint: {x: -4.496175, y: 0, z: 0}
--- !u!1 &1843133241825812
GameObject:
  m_CorrespondingSourceObject: {fileID: 0}
  m_PrefabInstance: {fileID: 100100000}
  m_PrefabAsset: {fileID: 0}
  serializedVersion: 5
  m_Component:
  - component: {fileID: 4025062136149735}
  m_Layer: 0
  m_Name: Spine1
  m_TagString: Untagged
  m_Icon: {fileID: 0}
  m_NavMeshLayer: 0
  m_StaticEditorFlags: 0
  m_IsActive: 1
--- !u!4 &4025062136149735
Transform:
  m_CorrespondingSourceObject: {fileID: 0}
  m_PrefabInstance: {fileID: 100100000}
  m_PrefabAsset: {fileID: 0}
  m_GameObject: {fileID: 1843133241825812}
  m_LocalRotation: {x: -0.01017069, y: 0, z: 0, w: 0.9999483}
  m_LocalPosition: {x: 0, y: 0.003014359, z: -3.72529E-11}
  m_LocalScale: {x: 1, y: 1, z: 1}
  m_Children:
  - {fileID: 4210313161912089}
  m_Father: {fileID: 4918654027094140}
  m_RootOrder: 0
  m_LocalEulerAnglesHint: {x: -1.165495, y: 0, z: 0}
--- !u!1 &1543784926132273
GameObject:
  m_CorrespondingSourceObject: {fileID: 0}
  m_PrefabInstance: {fileID: 100100000}
  m_PrefabAsset: {fileID: 0}
  serializedVersion: 5
  m_Component:
  - component: {fileID: 4210313161912089}
  m_Layer: 0
  m_Name: Spine2
  m_TagString: Untagged
  m_Icon: {fileID: 0}
  m_NavMeshLayer: 0
  m_StaticEditorFlags: 0
  m_IsActive: 1
--- !u!4 &4210313161912089
Transform:
  m_CorrespondingSourceObject: {fileID: 0}
  m_PrefabInstance: {fileID: 100100000}
  m_PrefabAsset: {fileID: 0}
  m_GameObject: {fileID: 1543784926132273}
  m_LocalRotation: {x: -7.450581E-09, y: 0, z: 0, w: 1}
  m_LocalPosition: {x: 0, y: 0.001508224, z: 3.72529E-11}
  m_LocalScale: {x: 1, y: 1, z: 1}
  m_Children:
  - {fileID: 4410641975657291}
  - {fileID: 4884869737360028}
  - {fileID: 4086057057288709}
  m_Father: {fileID: 4025062136149735}
  m_RootOrder: 0
  m_LocalEulerAnglesHint: {x: -8.537737E-07, y: 0, z: 0}
--- !u!1 &1102633429462371
GameObject:
  m_CorrespondingSourceObject: {fileID: 0}
  m_PrefabInstance: {fileID: 100100000}
  m_PrefabAsset: {fileID: 0}
  serializedVersion: 5
  m_Component:
  - component: {fileID: 4410641975657291}
  m_Layer: 0
  m_Name: LeftShoulder
  m_TagString: Untagged
  m_Icon: {fileID: 0}
  m_NavMeshLayer: 0
  m_StaticEditorFlags: 0
  m_IsActive: 1
--- !u!4 &4410641975657291
Transform:
  m_CorrespondingSourceObject: {fileID: 0}
  m_PrefabInstance: {fileID: 100100000}
  m_PrefabAsset: {fileID: 0}
  m_GameObject: {fileID: 1102633429462371}
  m_LocalRotation: {x: 0.564289, y: -0.4188665, z: 0.5860068, w: 0.4033918}
  m_LocalPosition: {x: -0.0007651657, y: 0.001433652, z: -2.895359E-05}
  m_LocalScale: {x: 0.9999998, y: 0.9999999, z: 1}
  m_Children:
  - {fileID: 4300298350458993}
  m_Father: {fileID: 4210313161912089}
  m_RootOrder: 0
  m_LocalEulerAnglesHint: {x: -71.02925, y: 87.83909, z: -179.9131}
--- !u!1 &1349311739718537
GameObject:
  m_CorrespondingSourceObject: {fileID: 0}
  m_PrefabInstance: {fileID: 100100000}
  m_PrefabAsset: {fileID: 0}
  serializedVersion: 5
  m_Component:
  - component: {fileID: 4300298350458993}
  m_Layer: 0
  m_Name: LeftArm
  m_TagString: Untagged
  m_Icon: {fileID: 0}
  m_NavMeshLayer: 0
  m_StaticEditorFlags: 0
  m_IsActive: 1
--- !u!4 &4300298350458993
Transform:
  m_CorrespondingSourceObject: {fileID: 0}
  m_PrefabInstance: {fileID: 100100000}
  m_PrefabAsset: {fileID: 0}
  m_GameObject: {fileID: 1349311739718537}
  m_LocalRotation: {x: 0.3363049, y: -0.04737151, z: 0.0169408, w: 0.9404084}
  m_LocalPosition: {x: -8.381903E-11, y: 0.001607736, z: 6.00703E-10}
  m_LocalScale: {x: 1, y: 0.9999999, z: 0.9999999}
  m_Children:
  - {fileID: 4435685815812839}
  m_Father: {fileID: 4410641975657291}
  m_RootOrder: 0
  m_LocalEulerAnglesHint: {x: 39.35571, y: 5.767484, z: 5.664288E-07}
--- !u!1 &1744703586019604
GameObject:
  m_CorrespondingSourceObject: {fileID: 0}
  m_PrefabInstance: {fileID: 100100000}
  m_PrefabAsset: {fileID: 0}
  serializedVersion: 5
  m_Component:
  - component: {fileID: 4435685815812839}
  m_Layer: 0
  m_Name: LeftForeArm
  m_TagString: Untagged
  m_Icon: {fileID: 0}
  m_NavMeshLayer: 0
  m_StaticEditorFlags: 0
  m_IsActive: 1
--- !u!4 &4435685815812839
Transform:
  m_CorrespondingSourceObject: {fileID: 0}
  m_PrefabInstance: {fileID: 100100000}
  m_PrefabAsset: {fileID: 0}
  m_GameObject: {fileID: 1744703586019604}
  m_LocalRotation: {x: -0.006960675, y: 2.944178E-05, z: -0.004249124, w: 0.9999667}
  m_LocalPosition: {x: -5.587935E-11, y: 0.00334694, z: 6.248592E-10}
  m_LocalScale: {x: 1, y: 0.9999999, z: 0.9999999}
  m_Children:
  - {fileID: 4603414450643574}
  m_Father: {fileID: 4300298350458993}
  m_RootOrder: 0
  m_LocalEulerAnglesHint: {x: -0.7976481, y: 1.558114E-05, z: 0.4869269}
--- !u!1 &1965787476440959
GameObject:
  m_CorrespondingSourceObject: {fileID: 0}
  m_PrefabInstance: {fileID: 100100000}
  m_PrefabAsset: {fileID: 0}
  serializedVersion: 5
  m_Component:
  - component: {fileID: 4603414450643574}
  m_Layer: 0
  m_Name: LeftHand
  m_TagString: Untagged
  m_Icon: {fileID: 0}
  m_NavMeshLayer: 0
  m_StaticEditorFlags: 0
  m_IsActive: 1
--- !u!4 &4603414450643574
Transform:
  m_CorrespondingSourceObject: {fileID: 0}
  m_PrefabInstance: {fileID: 100100000}
  m_PrefabAsset: {fileID: 0}
  m_GameObject: {fileID: 1965787476440959}
  m_LocalRotation: {x: -0.06455994, y: 0.02832363, z: 0.01262294, w: 0.9974319}
  m_LocalPosition: {x: -8.440111E-12, y: 0.002737132, z: 1.161243E-10}
  m_LocalScale: {x: 1, y: 1, z: 0.9999999}
  m_Children:
  - {fileID: 4486637568627222}
  - {fileID: 4815374544582449}
  - {fileID: 4818975986615396}
  - {fileID: 4707953284828002}
  - {fileID: 4048615143045230}
  m_Father: {fileID: 4435685815812839}
  m_RootOrder: 0
  m_LocalEulerAnglesHint: {x: -7.3708, y: -3.332578, z: -1.235414}
--- !u!1 &1382858235762722
GameObject:
  m_CorrespondingSourceObject: {fileID: 0}
  m_PrefabInstance: {fileID: 100100000}
  m_PrefabAsset: {fileID: 0}
  serializedVersion: 5
  m_Component:
  - component: {fileID: 4486637568627222}
  m_Layer: 0
  m_Name: LeftHandIndex1
  m_TagString: Untagged
  m_Icon: {fileID: 0}
  m_NavMeshLayer: 0
  m_StaticEditorFlags: 0
  m_IsActive: 1
--- !u!4 &4486637568627222
Transform:
  m_CorrespondingSourceObject: {fileID: 0}
  m_PrefabInstance: {fileID: 100100000}
  m_PrefabAsset: {fileID: 0}
  m_GameObject: {fileID: 1382858235762722}
  m_LocalRotation: {x: 0.0328282, y: -0.001456528, z: -0.1097009, w: 0.9934213}
  m_LocalPosition: {x: 0.0003959242, y: 0.001110128, z: -4.872219E-05}
  m_LocalScale: {x: 0.9999999, y: 0.9999999, z: 1}
  m_Children:
  - {fileID: 4684199957817451}
  m_Father: {fileID: 4603414450643574}
  m_RootOrder: 0
  m_LocalEulerAnglesHint: {x: 3.758126, y: -0.2468698, z: 12.59489}
--- !u!1 &1716896541925802
GameObject:
  m_CorrespondingSourceObject: {fileID: 0}
  m_PrefabInstance: {fileID: 100100000}
  m_PrefabAsset: {fileID: 0}
  serializedVersion: 5
  m_Component:
  - component: {fileID: 4684199957817451}
  m_Layer: 0
  m_Name: LeftHandIndex2
  m_TagString: Untagged
  m_Icon: {fileID: 0}
  m_NavMeshLayer: 0
  m_StaticEditorFlags: 0
  m_IsActive: 1
--- !u!4 &4684199957817451
Transform:
  m_CorrespondingSourceObject: {fileID: 0}
  m_PrefabInstance: {fileID: 100100000}
  m_PrefabAsset: {fileID: 0}
  m_GameObject: {fileID: 1716896541925802}
  m_LocalRotation: {x: 0.068848, y: 0.06095866, z: 0.01544265, w: 0.9956433}
  m_LocalPosition: {x: -9.313226E-12, y: 0.0005313428, z: 4.976755E-10}
  m_LocalScale: {x: 0.9999999, y: 1, z: 1}
  m_Children:
  - {fileID: 4903680685300696}
  m_Father: {fileID: 4486637568627222}
  m_RootOrder: 0
  m_LocalEulerAnglesHint: {x: 8.046563, y: -6.849383, z: -2.259522}
--- !u!1 &1832083806480000
GameObject:
  m_CorrespondingSourceObject: {fileID: 0}
  m_PrefabInstance: {fileID: 100100000}
  m_PrefabAsset: {fileID: 0}
  serializedVersion: 5
  m_Component:
  - component: {fileID: 4903680685300696}
  m_Layer: 0
  m_Name: LeftHandIndex3
  m_TagString: Untagged
  m_Icon: {fileID: 0}
  m_NavMeshLayer: 0
  m_StaticEditorFlags: 0
  m_IsActive: 1
--- !u!4 &4903680685300696
Transform:
  m_CorrespondingSourceObject: {fileID: 0}
  m_PrefabInstance: {fileID: 100100000}
  m_PrefabAsset: {fileID: 0}
  m_GameObject: {fileID: 1832083806480000}
  m_LocalRotation: {x: 0.004823898, y: -0.0565337, z: 0.005756807, w: 0.9983725}
  m_LocalPosition: {x: -1.396984E-10, y: 0.0003363435, z: 2.095476E-10}
  m_LocalScale: {x: 1, y: 0.9999999, z: 0.9999999}
  m_Children: []
  m_Father: {fileID: 4684199957817451}
  m_RootOrder: 0
  m_LocalEulerAnglesHint: {x: 0.5179047, y: 6.484758, z: -0.6314096}
--- !u!1 &1063822264035614
GameObject:
  m_CorrespondingSourceObject: {fileID: 0}
  m_PrefabInstance: {fileID: 100100000}
  m_PrefabAsset: {fileID: 0}
  serializedVersion: 5
  m_Component:
  - component: {fileID: 4815374544582449}
  m_Layer: 0
  m_Name: LeftHandMiddle1
  m_TagString: Untagged
  m_Icon: {fileID: 0}
  m_NavMeshLayer: 0
  m_StaticEditorFlags: 0
  m_IsActive: 1
--- !u!4 &4815374544582449
Transform:
  m_CorrespondingSourceObject: {fileID: 0}
  m_PrefabInstance: {fileID: 100100000}
  m_PrefabAsset: {fileID: 0}
  m_GameObject: {fileID: 1063822264035614}
  m_LocalRotation: {x: -0.02467053, y: -0.001062267, z: -0.06158492, w: 0.9977964}
  m_LocalPosition: {x: 0.0001167139, y: 0.001193551, z: -4.549058E-05}
  m_LocalScale: {x: 1, y: 0.9999999, z: 1}
  m_Children:
  - {fileID: 4669418454675240}
  m_Father: {fileID: 4603414450643574}
  m_RootOrder: 1
  m_LocalEulerAnglesHint: {x: -2.814477, y: 0.2955625, z: 7.056476}
--- !u!1 &1990447833867117
GameObject:
  m_CorrespondingSourceObject: {fileID: 0}
  m_PrefabInstance: {fileID: 100100000}
  m_PrefabAsset: {fileID: 0}
  serializedVersion: 5
  m_Component:
  - component: {fileID: 4669418454675240}
  m_Layer: 0
  m_Name: LeftHandMiddle2
  m_TagString: Untagged
  m_Icon: {fileID: 0}
  m_NavMeshLayer: 0
  m_StaticEditorFlags: 0
  m_IsActive: 1
--- !u!4 &4669418454675240
Transform:
  m_CorrespondingSourceObject: {fileID: 0}
  m_PrefabInstance: {fileID: 100100000}
  m_PrefabAsset: {fileID: 0}
  m_GameObject: {fileID: 1990447833867117}
  m_LocalRotation: {x: 0.1344711, y: 0.002788169, z: 0.0007806163, w: 0.9909133}
  m_LocalPosition: {x: 5.587935E-11, y: 0.0005321104, z: 4.703179E-10}
  m_LocalScale: {x: 0.9999999, y: 0.9999999, z: 1}
  m_Children:
  - {fileID: 4457468063210031}
  m_Father: {fileID: 4815374544582449}
  m_RootOrder: 0
  m_LocalEulerAnglesHint: {x: 15.45649, y: -0.3045701, z: -0.1316048}
--- !u!1 &1151345070190702
GameObject:
  m_CorrespondingSourceObject: {fileID: 0}
  m_PrefabInstance: {fileID: 100100000}
  m_PrefabAsset: {fileID: 0}
  serializedVersion: 5
  m_Component:
  - component: {fileID: 4457468063210031}
  m_Layer: 0
  m_Name: LeftHandMiddle3
  m_TagString: Untagged
  m_Icon: {fileID: 0}
  m_NavMeshLayer: 0
  m_StaticEditorFlags: 0
  m_IsActive: 1
--- !u!4 &4457468063210031
Transform:
  m_CorrespondingSourceObject: {fileID: 0}
  m_PrefabInstance: {fileID: 100100000}
  m_PrefabAsset: {fileID: 0}
  m_GameObject: {fileID: 1151345070190702}
  m_LocalRotation: {x: 0.0108704, y: 0.00647989, z: 0.005190652, w: 0.9999065}
  m_LocalPosition: {x: 6.519258E-11, y: 0.0003608368, z: 3.981404E-10}
  m_LocalScale: {x: 0.9999998, y: 0.9999999, z: 1}
  m_Children: []
  m_Father: {fileID: 4669418454675240}
  m_RootOrder: 0
  m_LocalEulerAnglesHint: {x: 1.249596, y: -0.7360258, z: -0.6028818}
--- !u!1 &1566944984945534
GameObject:
  m_CorrespondingSourceObject: {fileID: 0}
  m_PrefabInstance: {fileID: 100100000}
  m_PrefabAsset: {fileID: 0}
  serializedVersion: 5
  m_Component:
  - component: {fileID: 4818975986615396}
  m_Layer: 0
  m_Name: LeftHandPinky1
  m_TagString: Untagged
  m_Icon: {fileID: 0}
  m_NavMeshLayer: 0
  m_StaticEditorFlags: 0
  m_IsActive: 1
--- !u!4 &4818975986615396
Transform:
  m_CorrespondingSourceObject: {fileID: 0}
  m_PrefabInstance: {fileID: 100100000}
  m_PrefabAsset: {fileID: 0}
  m_GameObject: {fileID: 1566944984945534}
  m_LocalRotation: {x: 0.04452915, y: 0.006246476, z: 0.06025362, w: 0.9971699}
  m_LocalPosition: {x: -0.0004848002, y: 0.001125915, z: -7.299225E-05}
  m_LocalScale: {x: 1, y: 1, z: 0.9999999}
  m_Children:
  - {fileID: 4882999009496001}
  m_Father: {fileID: 4603414450643574}
  m_RootOrder: 2
  m_LocalEulerAnglesHint: {x: 5.138366, y: -0.406317, z: -6.933977}
--- !u!1 &1912142412182988
GameObject:
  m_CorrespondingSourceObject: {fileID: 0}
  m_PrefabInstance: {fileID: 100100000}
  m_PrefabAsset: {fileID: 0}
  serializedVersion: 5
  m_Component:
  - component: {fileID: 4882999009496001}
  m_Layer: 0
  m_Name: LeftHandPinky2
  m_TagString: Untagged
  m_Icon: {fileID: 0}
  m_NavMeshLayer: 0
  m_StaticEditorFlags: 0
  m_IsActive: 1
--- !u!4 &4882999009496001
Transform:
  m_CorrespondingSourceObject: {fileID: 0}
  m_PrefabInstance: {fileID: 100100000}
  m_PrefabAsset: {fileID: 0}
  m_GameObject: {fileID: 1912142412182988}
  m_LocalRotation: {x: 0.0658683, y: 0.008357832, z: -0.05048659, w: 0.9965153}
  m_LocalPosition: {x: 0, y: 0.0003962574, z: 1.862645E-10}
  m_LocalScale: {x: 0.9999999, y: 0.9999999, z: 0.9999999}
  m_Children:
  - {fileID: 4480529452840991}
  m_Father: {fileID: 4818975986615396}
  m_RootOrder: 0
  m_LocalEulerAnglesHint: {x: 7.496697, y: -1.335591, z: 5.713103}
--- !u!1 &1760138034190502
GameObject:
  m_CorrespondingSourceObject: {fileID: 0}
  m_PrefabInstance: {fileID: 100100000}
  m_PrefabAsset: {fileID: 0}
  serializedVersion: 5
  m_Component:
  - component: {fileID: 4480529452840991}
  m_Layer: 0
  m_Name: LeftHandPinky3
  m_TagString: Untagged
  m_Icon: {fileID: 0}
  m_NavMeshLayer: 0
  m_StaticEditorFlags: 0
  m_IsActive: 1
--- !u!4 &4480529452840991
Transform:
  m_CorrespondingSourceObject: {fileID: 0}
  m_PrefabInstance: {fileID: 100100000}
  m_PrefabAsset: {fileID: 0}
  m_GameObject: {fileID: 1760138034190502}
  m_LocalRotation: {x: 0.01700366, y: 0.001337228, z: 0.0602625, w: 0.9980369}
  m_LocalPosition: {x: 5.587935E-11, y: 0.000244516, z: 8.009374E-10}
  m_LocalScale: {x: 1, y: 1, z: 1}
  m_Children: []
  m_Father: {fileID: 4882999009496001}
  m_RootOrder: 0
  m_LocalEulerAnglesHint: {x: 1.954264, y: -0.03551422, z: -6.911372}
--- !u!1 &1748692478126561
GameObject:
  m_CorrespondingSourceObject: {fileID: 0}
  m_PrefabInstance: {fileID: 100100000}
  m_PrefabAsset: {fileID: 0}
  serializedVersion: 5
  m_Component:
  - component: {fileID: 4707953284828002}
  m_Layer: 0
  m_Name: LeftHandRing1
  m_TagString: Untagged
  m_Icon: {fileID: 0}
  m_NavMeshLayer: 0
  m_StaticEditorFlags: 0
  m_IsActive: 1
--- !u!4 &4707953284828002
Transform:
  m_CorrespondingSourceObject: {fileID: 0}
  m_PrefabInstance: {fileID: 100100000}
  m_PrefabAsset: {fileID: 0}
  m_GameObject: {fileID: 1748692478126561}
  m_LocalRotation: {x: -0.02009922, y: 0.0002687894, z: -0.01645699, w: 0.9996625}
  m_LocalPosition: {x: -0.0001754799, y: 0.0012459, z: -3.304211E-05}
  m_LocalScale: {x: 1, y: 0.9999999, z: 0.9999999}
  m_Children:
  - {fileID: 4494409786172579}
  m_Father: {fileID: 4603414450643574}
  m_RootOrder: 3
  m_LocalEulerAnglesHint: {x: -2.303552, y: 0.007113159, z: 1.886155}
--- !u!1 &1091544578729299
GameObject:
  m_CorrespondingSourceObject: {fileID: 0}
  m_PrefabInstance: {fileID: 100100000}
  m_PrefabAsset: {fileID: 0}
  serializedVersion: 5
  m_Component:
  - component: {fileID: 4494409786172579}
  m_Layer: 0
  m_Name: LeftHandRing2
  m_TagString: Untagged
  m_Icon: {fileID: 0}
  m_NavMeshLayer: 0
  m_StaticEditorFlags: 0
  m_IsActive: 1
--- !u!4 &4494409786172579
Transform:
  m_CorrespondingSourceObject: {fileID: 0}
  m_PrefabInstance: {fileID: 100100000}
  m_PrefabAsset: {fileID: 0}
  m_GameObject: {fileID: 1091544578729299}
  m_LocalRotation: {x: 0.1263431, y: -0.006201714, z: 0.008348563, w: 0.9919321}
  m_LocalPosition: {x: 3.259629E-11, y: 0.0004996673, z: 7.916242E-10}
  m_LocalScale: {x: 0.9999999, y: 0.9999999, z: 0.9999998}
  m_Children:
  - {fileID: 4950318427513042}
  m_Father: {fileID: 4707953284828002}
  m_RootOrder: 0
  m_LocalEulerAnglesHint: {x: 14.51124, y: 0.8258284, z: -0.8592904}
--- !u!1 &1310627313183520
GameObject:
  m_CorrespondingSourceObject: {fileID: 0}
  m_PrefabInstance: {fileID: 100100000}
  m_PrefabAsset: {fileID: 0}
  serializedVersion: 5
  m_Component:
  - component: {fileID: 4950318427513042}
  m_Layer: 0
  m_Name: LeftHandRing3
  m_TagString: Untagged
  m_Icon: {fileID: 0}
  m_NavMeshLayer: 0
  m_StaticEditorFlags: 0
  m_IsActive: 1
--- !u!4 &4950318427513042
Transform:
  m_CorrespondingSourceObject: {fileID: 0}
  m_PrefabInstance: {fileID: 100100000}
  m_PrefabAsset: {fileID: 0}
  m_GameObject: {fileID: 1310627313183520}
  m_LocalRotation: {x: 0.0702593, y: 0.003492803, z: -0.006474868, w: 0.9975016}
  m_LocalPosition: {x: 1.862645E-11, y: 0.0003218372, z: 1.052395E-09}
  m_LocalScale: {x: 1, y: 1, z: 1}
  m_Children: []
  m_Father: {fileID: 4494409786172579}
  m_RootOrder: 0
  m_LocalEulerAnglesHint: {x: 8.055174, y: -0.4513804, z: 0.712031}
--- !u!1 &1560252673279580
GameObject:
  m_CorrespondingSourceObject: {fileID: 0}
  m_PrefabInstance: {fileID: 100100000}
  m_PrefabAsset: {fileID: 0}
  serializedVersion: 5
  m_Component:
  - component: {fileID: 4048615143045230}
  m_Layer: 0
  m_Name: LeftHandThumb1
  m_TagString: Untagged
  m_Icon: {fileID: 0}
  m_NavMeshLayer: 0
  m_StaticEditorFlags: 0
  m_IsActive: 1
--- !u!4 &4048615143045230
Transform:
  m_CorrespondingSourceObject: {fileID: 0}
  m_PrefabInstance: {fileID: 100100000}
  m_PrefabAsset: {fileID: 0}
  m_GameObject: {fileID: 1560252673279580}
  m_LocalRotation: {x: 0.07079149, y: -0.01780455, z: -0.3140002, w: 0.9466126}
  m_LocalPosition: {x: 0.0004962923, y: 0.000414949, z: 0.0001519249}
  m_LocalScale: {x: 1, y: 1, z: 1}
  m_Children:
  - {fileID: 4072618515327632}
  m_Father: {fileID: 4603414450643574}
  m_RootOrder: 4
  m_LocalEulerAnglesHint: {x: 8.349666, y: -0.6158877, z: 36.65737}
--- !u!1 &1206406508404941
GameObject:
  m_CorrespondingSourceObject: {fileID: 0}
  m_PrefabInstance: {fileID: 100100000}
  m_PrefabAsset: {fileID: 0}
  serializedVersion: 5
  m_Component:
  - component: {fileID: 4072618515327632}
  m_Layer: 0
  m_Name: LeftHandThumb2
  m_TagString: Untagged
  m_Icon: {fileID: 0}
  m_NavMeshLayer: 0
  m_StaticEditorFlags: 0
  m_IsActive: 1
--- !u!4 &4072618515327632
Transform:
  m_CorrespondingSourceObject: {fileID: 0}
  m_PrefabInstance: {fileID: 100100000}
  m_PrefabAsset: {fileID: 0}
  m_GameObject: {fileID: 1206406508404941}
  m_LocalRotation: {x: -0.05537032, y: 0.1904618, z: 0.1333903, w: 0.9710127}
  m_LocalPosition: {x: 1.490116E-10, y: 0.0005678562, z: 5.972106E-10}
  m_LocalScale: {x: 0.9999999, y: 1, z: 0.9999999}
  m_Children:
  - {fileID: 4837513704478124}
  m_Father: {fileID: 4048615143045230}
  m_RootOrder: 0
  m_LocalEulerAnglesHint: {x: -3.522855, y: -22.62222, z: -14.93893}
--- !u!1 &1646770967821090
GameObject:
  m_CorrespondingSourceObject: {fileID: 0}
  m_PrefabInstance: {fileID: 100100000}
  m_PrefabAsset: {fileID: 0}
  serializedVersion: 5
  m_Component:
  - component: {fileID: 4837513704478124}
  m_Layer: 0
  m_Name: LeftHandThumb3
  m_TagString: Untagged
  m_Icon: {fileID: 0}
  m_NavMeshLayer: 0
  m_StaticEditorFlags: 0
  m_IsActive: 1
--- !u!4 &4837513704478124
Transform:
  m_CorrespondingSourceObject: {fileID: 0}
  m_PrefabInstance: {fileID: 100100000}
  m_PrefabAsset: {fileID: 0}
  m_GameObject: {fileID: 1646770967821090}
  m_LocalRotation: {x: 0.05808686, y: -0.2374264, z: 0.09560586, w: 0.9649426}
  m_LocalPosition: {x: 2.980232E-10, y: 0.0004628993, z: 1.071021E-09}
  m_LocalScale: {x: 0.9999999, y: 1, z: 0.9999999}
  m_Children: []
  m_Father: {fileID: 4072618515327632}
  m_RootOrder: 0
  m_LocalEulerAnglesHint: {x: 4.33212, y: 27.98969, z: -10.23653}
--- !u!1 &1663062027780101
GameObject:
  m_CorrespondingSourceObject: {fileID: 0}
  m_PrefabInstance: {fileID: 100100000}
  m_PrefabAsset: {fileID: 0}
  serializedVersion: 5
  m_Component:
  - component: {fileID: 4884869737360028}
  m_Layer: 0
  m_Name: Neck
  m_TagString: Untagged
  m_Icon: {fileID: 0}
  m_NavMeshLayer: 0
  m_StaticEditorFlags: 0
  m_IsActive: 1
--- !u!4 &4884869737360028
Transform:
  m_CorrespondingSourceObject: {fileID: 0}
  m_PrefabInstance: {fileID: 100100000}
  m_PrefabAsset: {fileID: 0}
  m_GameObject: {fileID: 1663062027780101}
  m_LocalRotation: {x: 0.3464198, y: -0.008183272, z: 0.02607788, w: 0.9376814}
  m_LocalPosition: {x: 0, y: 0.001648936, z: 1.490116E-10}
  m_LocalScale: {x: 1, y: 1, z: 1}
  m_Children:
  - {fileID: 4947487802853024}
  m_Father: {fileID: 4210313161912089}
  m_RootOrder: 1
  m_LocalEulerAnglesHint: {x: 40.51135, y: 1.91486, z: -2.479386}
--- !u!1 &1528818662915992
GameObject:
  m_CorrespondingSourceObject: {fileID: 0}
  m_PrefabInstance: {fileID: 100100000}
  m_PrefabAsset: {fileID: 0}
  serializedVersion: 5
  m_Component:
  - component: {fileID: 4947487802853024}
  m_Layer: 0
  m_Name: Head
  m_TagString: Untagged
  m_Icon: {fileID: 0}
  m_NavMeshLayer: 0
  m_StaticEditorFlags: 0
  m_IsActive: 1
--- !u!4 &4947487802853024
Transform:
  m_CorrespondingSourceObject: {fileID: 0}
  m_PrefabInstance: {fileID: 100100000}
  m_PrefabAsset: {fileID: 0}
  m_GameObject: {fileID: 1528818662915992}
  m_LocalRotation: {x: -0.05980508, y: 0.7036073, z: -0.09838303, w: 0.7011996}
  m_LocalPosition: {x: 9.080395E-11, y: 0.0007881559, z: 6.612572E-10}
  m_LocalScale: {x: 0.9999998, y: 0.9999997, z: 0.9999998}
  m_Children:
  - {fileID: 4509055350945593}
  m_Father: {fileID: 4884869737360028}
  m_RootOrder: 0
  m_LocalEulerAnglesHint: {x: -89.29899, y: -77.15388, z: 92.44504}
--- !u!1 &1520053250509780
GameObject:
  m_CorrespondingSourceObject: {fileID: 0}
  m_PrefabInstance: {fileID: 100100000}
  m_PrefabAsset: {fileID: 0}
  serializedVersion: 5
  m_Component:
  - component: {fileID: 4509055350945593}
  m_Layer: 0
  m_Name: Jaw
  m_TagString: Untagged
  m_Icon: {fileID: 0}
  m_NavMeshLayer: 0
  m_StaticEditorFlags: 0
  m_IsActive: 1
--- !u!4 &4509055350945593
Transform:
  m_CorrespondingSourceObject: {fileID: 0}
  m_PrefabInstance: {fileID: 100100000}
  m_PrefabAsset: {fileID: 0}
  m_GameObject: {fileID: 1520053250509780}
  m_LocalRotation: {x: 0.5269498, y: -0.4715124, z: 0.5269492, w: 0.471513}
  m_LocalPosition: {x: -0.0005369454, y: 0.0006834973, z: -5.525688E-10}
  m_LocalScale: {x: 1, y: 1, z: 1}
  m_Children: []
  m_Father: {fileID: 4947487802853024}
  m_RootOrder: 0
  m_LocalEulerAnglesHint: {x: 96.35585, y: 89.99993, z: 0}
--- !u!1 &1028606328559168
GameObject:
  m_CorrespondingSourceObject: {fileID: 0}
  m_PrefabInstance: {fileID: 100100000}
  m_PrefabAsset: {fileID: 0}
  serializedVersion: 5
  m_Component:
  - component: {fileID: 4086057057288709}
  m_Layer: 0
  m_Name: RightShoulder
  m_TagString: Untagged
  m_Icon: {fileID: 0}
  m_NavMeshLayer: 0
  m_StaticEditorFlags: 0
  m_IsActive: 1
--- !u!4 &4086057057288709
Transform:
  m_CorrespondingSourceObject: {fileID: 0}
  m_PrefabInstance: {fileID: 100100000}
  m_PrefabAsset: {fileID: 0}
  m_GameObject: {fileID: 1028606328559168}
  m_LocalRotation: {x: -0.564289, y: -0.4188665, z: 0.5860068, w: -0.4033918}
  m_LocalPosition: {x: 0.0007651657, y: 0.001433652, z: -2.895359E-05}
  m_LocalScale: {x: 0.9999998, y: 0.9999999, z: 1}
  m_Children:
  - {fileID: 4584472432177871}
  m_Father: {fileID: 4210313161912089}
  m_RootOrder: 2
  m_LocalEulerAnglesHint: {x: -71.02925, y: -87.83909, z: 179.9131}
--- !u!1 &1184841139068975
GameObject:
  m_CorrespondingSourceObject: {fileID: 0}
  m_PrefabInstance: {fileID: 100100000}
  m_PrefabAsset: {fileID: 0}
  serializedVersion: 5
  m_Component:
  - component: {fileID: 4584472432177871}
  m_Layer: 0
  m_Name: RightArm
  m_TagString: Untagged
  m_Icon: {fileID: 0}
  m_NavMeshLayer: 0
  m_StaticEditorFlags: 0
  m_IsActive: 1
--- !u!4 &4584472432177871
Transform:
  m_CorrespondingSourceObject: {fileID: 0}
  m_PrefabInstance: {fileID: 100100000}
  m_PrefabAsset: {fileID: 0}
  m_GameObject: {fileID: 1184841139068975}
  m_LocalRotation: {x: 0.3363049, y: 0.04737151, z: -0.0169408, w: 0.9404084}
  m_LocalPosition: {x: 8.381903E-11, y: 0.001607736, z: 6.00703E-10}
  m_LocalScale: {x: 1, y: 0.9999999, z: 0.9999999}
  m_Children:
  - {fileID: 4178345756568232}
  m_Father: {fileID: 4086057057288709}
  m_RootOrder: 0
  m_LocalEulerAnglesHint: {x: 39.35571, y: -5.767484, z: -5.664288E-07}
--- !u!1 &1201184652485973
GameObject:
  m_CorrespondingSourceObject: {fileID: 0}
  m_PrefabInstance: {fileID: 100100000}
  m_PrefabAsset: {fileID: 0}
  serializedVersion: 5
  m_Component:
  - component: {fileID: 4178345756568232}
  m_Layer: 0
  m_Name: RightForeArm
  m_TagString: Untagged
  m_Icon: {fileID: 0}
  m_NavMeshLayer: 0
  m_StaticEditorFlags: 0
  m_IsActive: 1
--- !u!4 &4178345756568232
Transform:
  m_CorrespondingSourceObject: {fileID: 0}
  m_PrefabInstance: {fileID: 100100000}
  m_PrefabAsset: {fileID: 0}
  m_GameObject: {fileID: 1201184652485973}
  m_LocalRotation: {x: -0.006960675, y: -2.944178E-05, z: 0.004249124, w: 0.9999667}
  m_LocalPosition: {x: 5.587935E-11, y: 0.00334694, z: 6.248592E-10}
  m_LocalScale: {x: 1, y: 0.9999999, z: 0.9999999}
  m_Children:
  - {fileID: 4660998811251290}
  m_Father: {fileID: 4584472432177871}
  m_RootOrder: 0
  m_LocalEulerAnglesHint: {x: -0.7976481, y: -1.558114E-05, z: -0.4869269}
--- !u!1 &1613629631167750
GameObject:
  m_CorrespondingSourceObject: {fileID: 0}
  m_PrefabInstance: {fileID: 100100000}
  m_PrefabAsset: {fileID: 0}
  serializedVersion: 5
  m_Component:
  - component: {fileID: 4660998811251290}
  m_Layer: 0
  m_Name: RightHand
  m_TagString: Untagged
  m_Icon: {fileID: 0}
  m_NavMeshLayer: 0
  m_StaticEditorFlags: 0
  m_IsActive: 1
--- !u!4 &4660998811251290
Transform:
  m_CorrespondingSourceObject: {fileID: 0}
  m_PrefabInstance: {fileID: 100100000}
  m_PrefabAsset: {fileID: 0}
  m_GameObject: {fileID: 1613629631167750}
  m_LocalRotation: {x: -0.06455994, y: -0.02832363, z: -0.01262294, w: 0.9974319}
  m_LocalPosition: {x: 8.440111E-12, y: 0.002737132, z: 1.161243E-10}
  m_LocalScale: {x: 1, y: 1, z: 0.9999999}
  m_Children:
  - {fileID: 4432862775624301}
  - {fileID: 4194265755616858}
  - {fileID: 4507558074247770}
  - {fileID: 4003956616165859}
  - {fileID: 4017664848848303}
  m_Father: {fileID: 4178345756568232}
  m_RootOrder: 0
  m_LocalEulerAnglesHint: {x: -7.3708, y: 3.332578, z: 1.235414}
--- !u!1 &1875475160165325
GameObject:
  m_CorrespondingSourceObject: {fileID: 0}
  m_PrefabInstance: {fileID: 100100000}
  m_PrefabAsset: {fileID: 0}
  serializedVersion: 5
  m_Component:
  - component: {fileID: 4432862775624301}
  m_Layer: 0
  m_Name: RightHandIndex1
  m_TagString: Untagged
  m_Icon: {fileID: 0}
  m_NavMeshLayer: 0
  m_StaticEditorFlags: 0
  m_IsActive: 1
--- !u!4 &4432862775624301
Transform:
  m_CorrespondingSourceObject: {fileID: 0}
  m_PrefabInstance: {fileID: 100100000}
  m_PrefabAsset: {fileID: 0}
  m_GameObject: {fileID: 1875475160165325}
  m_LocalRotation: {x: 0.0328282, y: 0.001456528, z: 0.1097009, w: 0.9934213}
  m_LocalPosition: {x: -0.0003959242, y: 0.001110128, z: -4.872219E-05}
  m_LocalScale: {x: 0.9999999, y: 0.9999999, z: 1}
  m_Children:
  - {fileID: 4695801970153840}
  m_Father: {fileID: 4660998811251290}
  m_RootOrder: 0
  m_LocalEulerAnglesHint: {x: 3.758126, y: 0.2468698, z: -12.59489}
--- !u!1 &1503619556969522
GameObject:
  m_CorrespondingSourceObject: {fileID: 0}
  m_PrefabInstance: {fileID: 100100000}
  m_PrefabAsset: {fileID: 0}
  serializedVersion: 5
  m_Component:
  - component: {fileID: 4695801970153840}
  m_Layer: 0
  m_Name: RightHandIndex2
  m_TagString: Untagged
  m_Icon: {fileID: 0}
  m_NavMeshLayer: 0
  m_StaticEditorFlags: 0
  m_IsActive: 1
--- !u!4 &4695801970153840
Transform:
  m_CorrespondingSourceObject: {fileID: 0}
  m_PrefabInstance: {fileID: 100100000}
  m_PrefabAsset: {fileID: 0}
  m_GameObject: {fileID: 1503619556969522}
  m_LocalRotation: {x: 0.068848, y: -0.06095866, z: -0.01544265, w: 0.9956433}
  m_LocalPosition: {x: 9.313226E-12, y: 0.0005313428, z: 4.976755E-10}
  m_LocalScale: {x: 0.9999999, y: 1, z: 1}
  m_Children:
  - {fileID: 4163316810408187}
  m_Father: {fileID: 4432862775624301}
  m_RootOrder: 0
  m_LocalEulerAnglesHint: {x: 8.046563, y: 6.849383, z: 2.259522}
--- !u!1 &1052680839694973
GameObject:
  m_CorrespondingSourceObject: {fileID: 0}
  m_PrefabInstance: {fileID: 100100000}
  m_PrefabAsset: {fileID: 0}
  serializedVersion: 5
  m_Component:
  - component: {fileID: 4163316810408187}
  m_Layer: 0
  m_Name: RightHandIndex3
  m_TagString: Untagged
  m_Icon: {fileID: 0}
  m_NavMeshLayer: 0
  m_StaticEditorFlags: 0
  m_IsActive: 1
--- !u!4 &4163316810408187
Transform:
  m_CorrespondingSourceObject: {fileID: 0}
  m_PrefabInstance: {fileID: 100100000}
  m_PrefabAsset: {fileID: 0}
  m_GameObject: {fileID: 1052680839694973}
  m_LocalRotation: {x: 0.004823898, y: 0.0565337, z: -0.005756807, w: 0.9983725}
  m_LocalPosition: {x: 1.396984E-10, y: 0.0003363435, z: 2.095476E-10}
  m_LocalScale: {x: 1, y: 0.9999999, z: 0.9999999}
  m_Children: []
  m_Father: {fileID: 4695801970153840}
  m_RootOrder: 0
  m_LocalEulerAnglesHint: {x: 0.5179047, y: -6.484758, z: 0.6314096}
--- !u!1 &1951738946425776
GameObject:
  m_CorrespondingSourceObject: {fileID: 0}
  m_PrefabInstance: {fileID: 100100000}
  m_PrefabAsset: {fileID: 0}
  serializedVersion: 5
  m_Component:
  - component: {fileID: 4194265755616858}
  m_Layer: 0
  m_Name: RightHandMiddle1
  m_TagString: Untagged
  m_Icon: {fileID: 0}
  m_NavMeshLayer: 0
  m_StaticEditorFlags: 0
  m_IsActive: 1
--- !u!4 &4194265755616858
Transform:
  m_CorrespondingSourceObject: {fileID: 0}
  m_PrefabInstance: {fileID: 100100000}
  m_PrefabAsset: {fileID: 0}
  m_GameObject: {fileID: 1951738946425776}
  m_LocalRotation: {x: -0.02467053, y: 0.001062267, z: 0.06158492, w: 0.9977964}
  m_LocalPosition: {x: -0.0001167139, y: 0.001193551, z: -4.549058E-05}
  m_LocalScale: {x: 1, y: 0.9999999, z: 1}
  m_Children:
  - {fileID: 4172992207843917}
  m_Father: {fileID: 4660998811251290}
  m_RootOrder: 1
  m_LocalEulerAnglesHint: {x: -2.814477, y: -0.2955625, z: -7.056476}
--- !u!1 &1969709034259215
GameObject:
  m_CorrespondingSourceObject: {fileID: 0}
  m_PrefabInstance: {fileID: 100100000}
  m_PrefabAsset: {fileID: 0}
  serializedVersion: 5
  m_Component:
  - component: {fileID: 4172992207843917}
  m_Layer: 0
  m_Name: RightHandMiddle2
  m_TagString: Untagged
  m_Icon: {fileID: 0}
  m_NavMeshLayer: 0
  m_StaticEditorFlags: 0
  m_IsActive: 1
--- !u!4 &4172992207843917
Transform:
  m_CorrespondingSourceObject: {fileID: 0}
  m_PrefabInstance: {fileID: 100100000}
  m_PrefabAsset: {fileID: 0}
  m_GameObject: {fileID: 1969709034259215}
  m_LocalRotation: {x: 0.1344711, y: -0.002788169, z: -0.0007806163, w: 0.9909133}
  m_LocalPosition: {x: -5.587935E-11, y: 0.0005321104, z: 4.703179E-10}
  m_LocalScale: {x: 0.9999999, y: 0.9999999, z: 1}
  m_Children:
  - {fileID: 4807892100428922}
  m_Father: {fileID: 4194265755616858}
  m_RootOrder: 0
  m_LocalEulerAnglesHint: {x: 15.45649, y: 0.3045701, z: 0.1316048}
--- !u!1 &1102240550912907
GameObject:
  m_CorrespondingSourceObject: {fileID: 0}
  m_PrefabInstance: {fileID: 100100000}
  m_PrefabAsset: {fileID: 0}
  serializedVersion: 5
  m_Component:
  - component: {fileID: 4807892100428922}
  m_Layer: 0
  m_Name: RightHandMiddle3
  m_TagString: Untagged
  m_Icon: {fileID: 0}
  m_NavMeshLayer: 0
  m_StaticEditorFlags: 0
  m_IsActive: 1
--- !u!4 &4807892100428922
Transform:
  m_CorrespondingSourceObject: {fileID: 0}
  m_PrefabInstance: {fileID: 100100000}
  m_PrefabAsset: {fileID: 0}
  m_GameObject: {fileID: 1102240550912907}
  m_LocalRotation: {x: 0.0108704, y: -0.00647989, z: -0.005190652, w: 0.9999065}
  m_LocalPosition: {x: -6.519258E-11, y: 0.0003608368, z: 3.981404E-10}
  m_LocalScale: {x: 0.9999998, y: 0.9999999, z: 1}
  m_Children: []
  m_Father: {fileID: 4172992207843917}
  m_RootOrder: 0
  m_LocalEulerAnglesHint: {x: 1.249596, y: 0.7360258, z: 0.6028818}
--- !u!1 &1352698361227282
GameObject:
  m_CorrespondingSourceObject: {fileID: 0}
  m_PrefabInstance: {fileID: 100100000}
  m_PrefabAsset: {fileID: 0}
  serializedVersion: 5
  m_Component:
  - component: {fileID: 4507558074247770}
  m_Layer: 0
  m_Name: RightHandPinky1
  m_TagString: Untagged
  m_Icon: {fileID: 0}
  m_NavMeshLayer: 0
  m_StaticEditorFlags: 0
  m_IsActive: 1
--- !u!4 &4507558074247770
Transform:
  m_CorrespondingSourceObject: {fileID: 0}
  m_PrefabInstance: {fileID: 100100000}
  m_PrefabAsset: {fileID: 0}
  m_GameObject: {fileID: 1352698361227282}
  m_LocalRotation: {x: 0.04452915, y: -0.006246476, z: -0.06025362, w: 0.9971699}
  m_LocalPosition: {x: 0.0004848002, y: 0.001125915, z: -7.299225E-05}
  m_LocalScale: {x: 1, y: 1, z: 0.9999999}
  m_Children:
  - {fileID: 4617729087429656}
  m_Father: {fileID: 4660998811251290}
  m_RootOrder: 2
  m_LocalEulerAnglesHint: {x: 5.138366, y: 0.406317, z: 6.933977}
--- !u!1 &1104197228314777
GameObject:
  m_CorrespondingSourceObject: {fileID: 0}
  m_PrefabInstance: {fileID: 100100000}
  m_PrefabAsset: {fileID: 0}
  serializedVersion: 5
  m_Component:
  - component: {fileID: 4617729087429656}
  m_Layer: 0
  m_Name: RightHandPinky2
  m_TagString: Untagged
  m_Icon: {fileID: 0}
  m_NavMeshLayer: 0
  m_StaticEditorFlags: 0
  m_IsActive: 1
--- !u!4 &4617729087429656
Transform:
  m_CorrespondingSourceObject: {fileID: 0}
  m_PrefabInstance: {fileID: 100100000}
  m_PrefabAsset: {fileID: 0}
  m_GameObject: {fileID: 1104197228314777}
  m_LocalRotation: {x: 0.0658683, y: -0.008357832, z: 0.05048659, w: 0.9965153}
  m_LocalPosition: {x: 0, y: 0.0003962574, z: 1.862645E-10}
  m_LocalScale: {x: 0.9999999, y: 0.9999999, z: 0.9999999}
  m_Children:
  - {fileID: 4898078897477308}
  m_Father: {fileID: 4507558074247770}
  m_RootOrder: 0
  m_LocalEulerAnglesHint: {x: 7.496697, y: 1.335591, z: -5.713103}
--- !u!1 &1245790957164993
GameObject:
  m_CorrespondingSourceObject: {fileID: 0}
  m_PrefabInstance: {fileID: 100100000}
  m_PrefabAsset: {fileID: 0}
  serializedVersion: 5
  m_Component:
  - component: {fileID: 4898078897477308}
  m_Layer: 0
  m_Name: RightHandPinky3
  m_TagString: Untagged
  m_Icon: {fileID: 0}
  m_NavMeshLayer: 0
  m_StaticEditorFlags: 0
  m_IsActive: 1
--- !u!4 &4898078897477308
Transform:
  m_CorrespondingSourceObject: {fileID: 0}
  m_PrefabInstance: {fileID: 100100000}
  m_PrefabAsset: {fileID: 0}
  m_GameObject: {fileID: 1245790957164993}
  m_LocalRotation: {x: 0.01700366, y: -0.001337228, z: -0.0602625, w: 0.9980369}
  m_LocalPosition: {x: -5.587935E-11, y: 0.000244516, z: 8.009374E-10}
  m_LocalScale: {x: 1, y: 1, z: 1}
  m_Children: []
  m_Father: {fileID: 4617729087429656}
  m_RootOrder: 0
  m_LocalEulerAnglesHint: {x: 1.954264, y: 0.03551422, z: 6.911372}
--- !u!1 &1066300036367708
GameObject:
  m_CorrespondingSourceObject: {fileID: 0}
  m_PrefabInstance: {fileID: 100100000}
  m_PrefabAsset: {fileID: 0}
  serializedVersion: 5
  m_Component:
  - component: {fileID: 4003956616165859}
  m_Layer: 0
  m_Name: RightHandRing1
  m_TagString: Untagged
  m_Icon: {fileID: 0}
  m_NavMeshLayer: 0
  m_StaticEditorFlags: 0
  m_IsActive: 1
--- !u!4 &4003956616165859
Transform:
  m_CorrespondingSourceObject: {fileID: 0}
  m_PrefabInstance: {fileID: 100100000}
  m_PrefabAsset: {fileID: 0}
  m_GameObject: {fileID: 1066300036367708}
  m_LocalRotation: {x: -0.02009922, y: -0.0002687894, z: 0.01645699, w: 0.9996625}
  m_LocalPosition: {x: 0.0001754799, y: 0.0012459, z: -3.304211E-05}
  m_LocalScale: {x: 1, y: 0.9999999, z: 0.9999999}
  m_Children:
  - {fileID: 4474918135580158}
  m_Father: {fileID: 4660998811251290}
  m_RootOrder: 3
  m_LocalEulerAnglesHint: {x: -2.303552, y: -0.007113159, z: -1.886155}
--- !u!1 &1835669119336808
GameObject:
  m_CorrespondingSourceObject: {fileID: 0}
  m_PrefabInstance: {fileID: 100100000}
  m_PrefabAsset: {fileID: 0}
  serializedVersion: 5
  m_Component:
  - component: {fileID: 4474918135580158}
  m_Layer: 0
  m_Name: RightHandRing2
  m_TagString: Untagged
  m_Icon: {fileID: 0}
  m_NavMeshLayer: 0
  m_StaticEditorFlags: 0
  m_IsActive: 1
--- !u!4 &4474918135580158
Transform:
  m_CorrespondingSourceObject: {fileID: 0}
  m_PrefabInstance: {fileID: 100100000}
  m_PrefabAsset: {fileID: 0}
  m_GameObject: {fileID: 1835669119336808}
  m_LocalRotation: {x: 0.1263431, y: 0.006201714, z: -0.008348563, w: 0.9919321}
  m_LocalPosition: {x: -3.259629E-11, y: 0.0004996673, z: 7.916242E-10}
  m_LocalScale: {x: 0.9999999, y: 0.9999999, z: 0.9999998}
  m_Children:
  - {fileID: 4463873813574469}
  m_Father: {fileID: 4003956616165859}
  m_RootOrder: 0
  m_LocalEulerAnglesHint: {x: 14.51124, y: -0.8258284, z: 0.8592904}
--- !u!1 &1759610925985147
GameObject:
  m_CorrespondingSourceObject: {fileID: 0}
  m_PrefabInstance: {fileID: 100100000}
  m_PrefabAsset: {fileID: 0}
  serializedVersion: 5
  m_Component:
  - component: {fileID: 4463873813574469}
  m_Layer: 0
  m_Name: RightHandRing3
  m_TagString: Untagged
  m_Icon: {fileID: 0}
  m_NavMeshLayer: 0
  m_StaticEditorFlags: 0
  m_IsActive: 1
--- !u!4 &4463873813574469
Transform:
  m_CorrespondingSourceObject: {fileID: 0}
  m_PrefabInstance: {fileID: 100100000}
  m_PrefabAsset: {fileID: 0}
  m_GameObject: {fileID: 1759610925985147}
  m_LocalRotation: {x: 0.0702593, y: -0.003492803, z: 0.006474868, w: 0.9975016}
  m_LocalPosition: {x: -1.862645E-11, y: 0.0003218372, z: 1.052395E-09}
  m_LocalScale: {x: 1, y: 1, z: 1}
  m_Children: []
  m_Father: {fileID: 4474918135580158}
  m_RootOrder: 0
  m_LocalEulerAnglesHint: {x: 8.055174, y: 0.4513804, z: -0.712031}
--- !u!1 &1736671391938971
GameObject:
  m_CorrespondingSourceObject: {fileID: 0}
  m_PrefabInstance: {fileID: 100100000}
  m_PrefabAsset: {fileID: 0}
  serializedVersion: 5
  m_Component:
  - component: {fileID: 4017664848848303}
  m_Layer: 0
  m_Name: RightHandThumb1
  m_TagString: Untagged
  m_Icon: {fileID: 0}
  m_NavMeshLayer: 0
  m_StaticEditorFlags: 0
  m_IsActive: 1
--- !u!4 &4017664848848303
Transform:
  m_CorrespondingSourceObject: {fileID: 0}
  m_PrefabInstance: {fileID: 100100000}
  m_PrefabAsset: {fileID: 0}
  m_GameObject: {fileID: 1736671391938971}
  m_LocalRotation: {x: 0.07079149, y: 0.01780455, z: 0.3140002, w: 0.9466126}
  m_LocalPosition: {x: -0.0004962923, y: 0.000414949, z: 0.0001519249}
  m_LocalScale: {x: 1, y: 1, z: 1}
  m_Children:
  - {fileID: 4530976733315990}
  m_Father: {fileID: 4660998811251290}
  m_RootOrder: 4
  m_LocalEulerAnglesHint: {x: 8.349666, y: 0.6158877, z: -36.65737}
--- !u!1 &1632078608463839
GameObject:
  m_CorrespondingSourceObject: {fileID: 0}
  m_PrefabInstance: {fileID: 100100000}
  m_PrefabAsset: {fileID: 0}
  serializedVersion: 5
  m_Component:
  - component: {fileID: 4530976733315990}
  m_Layer: 0
  m_Name: RightHandThumb2
  m_TagString: Untagged
  m_Icon: {fileID: 0}
  m_NavMeshLayer: 0
  m_StaticEditorFlags: 0
  m_IsActive: 1
--- !u!4 &4530976733315990
Transform:
  m_CorrespondingSourceObject: {fileID: 0}
  m_PrefabInstance: {fileID: 100100000}
  m_PrefabAsset: {fileID: 0}
  m_GameObject: {fileID: 1632078608463839}
  m_LocalRotation: {x: -0.05537032, y: -0.1904618, z: -0.1333903, w: 0.9710127}
  m_LocalPosition: {x: -1.490116E-10, y: 0.0005678562, z: 5.972106E-10}
  m_LocalScale: {x: 0.9999999, y: 1, z: 0.9999999}
  m_Children:
  - {fileID: 4137215078958759}
  m_Father: {fileID: 4017664848848303}
  m_RootOrder: 0
  m_LocalEulerAnglesHint: {x: -3.522855, y: 22.62222, z: 14.93893}
--- !u!1 &1835388214363992
GameObject:
  m_CorrespondingSourceObject: {fileID: 0}
  m_PrefabInstance: {fileID: 100100000}
  m_PrefabAsset: {fileID: 0}
  serializedVersion: 5
  m_Component:
  - component: {fileID: 4137215078958759}
  m_Layer: 0
  m_Name: RightHandThumb3
  m_TagString: Untagged
  m_Icon: {fileID: 0}
  m_NavMeshLayer: 0
  m_StaticEditorFlags: 0
  m_IsActive: 1
--- !u!4 &4137215078958759
Transform:
  m_CorrespondingSourceObject: {fileID: 0}
  m_PrefabInstance: {fileID: 100100000}
  m_PrefabAsset: {fileID: 0}
  m_GameObject: {fileID: 1835388214363992}
  m_LocalRotation: {x: 0.05808686, y: 0.2374264, z: -0.09560586, w: 0.9649426}
  m_LocalPosition: {x: -2.980232E-10, y: 0.0004628993, z: 1.071021E-09}
  m_LocalScale: {x: 0.9999999, y: 1, z: 0.9999999}
  m_Children: []
  m_Father: {fileID: 4530976733315990}
  m_RootOrder: 0
  m_LocalEulerAnglesHint: {x: 4.33212, y: -27.98969, z: 10.23653}
--- !u!1 &1494037296733306
GameObject:
  m_CorrespondingSourceObject: {fileID: 0}
  m_PrefabInstance: {fileID: 100100000}
  m_PrefabAsset: {fileID: 0}
  serializedVersion: 5
  m_Component:
  - component: {fileID: 4452432308935853}
  - component: {fileID: 137005096809350339}
  m_Layer: 0
  m_Name: beard10
  m_TagString: Untagged
  m_Icon: {fileID: 0}
  m_NavMeshLayer: 0
  m_StaticEditorFlags: 0
  m_IsActive: 1
--- !u!4 &4452432308935853
Transform:
  m_CorrespondingSourceObject: {fileID: 0}
  m_PrefabInstance: {fileID: 100100000}
  m_PrefabAsset: {fileID: 0}
  m_GameObject: {fileID: 1494037296733306}
  m_LocalRotation: {x: -0.7071068, y: 0, z: 0, w: 0.7071067}
  m_LocalPosition: {x: -9.631651E-06, y: 0, z: 0}
  m_LocalScale: {x: 100, y: 100, z: 100}
  m_Children: []
  m_Father: {fileID: 4543648296309232}
  m_RootOrder: 1
  m_LocalEulerAnglesHint: {x: -90.00001, y: 0, z: 0}
--- !u!137 &137005096809350339
SkinnedMeshRenderer:
  m_CorrespondingSourceObject: {fileID: 0}
  m_PrefabInstance: {fileID: 100100000}
  m_PrefabAsset: {fileID: 0}
  m_GameObject: {fileID: 1494037296733306}
  m_Enabled: 1
  m_CastShadows: 1
  m_ReceiveShadows: 1
  m_DynamicOccludee: 1
  m_MotionVectors: 1
  m_LightProbeUsage: 1
  m_ReflectionProbeUsage: 1
  m_RayTracingMode: 0
  m_RenderingLayerMask: 1
  m_RendererPriority: 0
  m_Materials:
  - {fileID: 2100000, guid: b6cd93b7f590ca24ca54af64828065ed, type: 2}
  m_StaticBatchInfo:
    firstSubMesh: 0
    subMeshCount: 0
  m_StaticBatchRoot: {fileID: 0}
  m_ProbeAnchor: {fileID: 0}
  m_LightProbeVolumeOverride: {fileID: 0}
  m_ScaleInLightmap: 1
  m_ReceiveGI: 1
  m_PreserveUVs: 0
  m_IgnoreNormalsForChartDetection: 0
  m_ImportantGI: 0
  m_StitchLightmapSeams: 0
  m_SelectedEditorRenderState: 3
  m_MinimumChartSize: 4
  m_AutoUVMaxDistance: 0.5
  m_AutoUVMaxAngle: 89
  m_LightmapParameters: {fileID: 0}
  m_SortingLayerID: 0
  m_SortingLayer: 0
  m_SortingOrder: 0
  serializedVersion: 2
  m_Quality: 0
  m_UpdateWhenOffscreen: 0
  m_skinnedMotionVectors: 1
  m_Mesh: {fileID: 4300000, guid: d58614e15c7d5504bac647d0fd71fe55, type: 2}
  m_Bones:
  - {fileID: 4202507535765336}
  - {fileID: 4918654027094140}
  - {fileID: 4025062136149735}
  - {fileID: 4210313161912089}
  - {fileID: 4884869737360028}
  - {fileID: 4947487802853024}
  - {fileID: 4509055350945593}
  - {fileID: 4410641975657291}
  - {fileID: 4300298350458993}
  - {fileID: 4435685815812839}
  - {fileID: 4603414450643574}
  - {fileID: 4048615143045230}
  - {fileID: 4072618515327632}
  - {fileID: 4837513704478124}
  - {fileID: 4486637568627222}
  - {fileID: 4684199957817451}
  - {fileID: 4903680685300696}
  - {fileID: 4815374544582449}
  - {fileID: 4669418454675240}
  - {fileID: 4457468063210031}
  - {fileID: 4707953284828002}
  - {fileID: 4494409786172579}
  - {fileID: 4950318427513042}
  - {fileID: 4818975986615396}
  - {fileID: 4882999009496001}
  - {fileID: 4480529452840991}
  - {fileID: 4086057057288709}
  - {fileID: 4584472432177871}
  - {fileID: 4178345756568232}
  - {fileID: 4660998811251290}
  - {fileID: 4017664848848303}
  - {fileID: 4530976733315990}
  - {fileID: 4137215078958759}
  - {fileID: 4432862775624301}
  - {fileID: 4695801970153840}
  - {fileID: 4163316810408187}
  - {fileID: 4194265755616858}
  - {fileID: 4172992207843917}
  - {fileID: 4807892100428922}
  - {fileID: 4003956616165859}
  - {fileID: 4474918135580158}
  - {fileID: 4463873813574469}
  - {fileID: 4507558074247770}
  - {fileID: 4617729087429656}
  - {fileID: 4898078897477308}
  - {fileID: 4789533969918568}
  - {fileID: 4036845785789381}
  - {fileID: 4463191889233466}
  - {fileID: 4716824266740772}
  - {fileID: 4088048780486553}
  - {fileID: 4712888273412217}
  - {fileID: 4802428786981978}
  - {fileID: 4334326532806298}
  m_BlendShapeWeights: []
  m_RootBone: {fileID: 4202507535765336}
  m_AABB:
    m_Center: {x: -9.511132E-08, y: 0.008064255, z: 0.001130862}
    m_Extent: {x: 0.008423542, y: 0.01241016, z: 0.01335874}
  m_DirtyAABB: 0
