%YAML 1.1
%TAG !u! tag:unity3d.com,2011:
--- !u!1001 &100100000
PrefabInstance:
  serializedVersion: 2
  m_RootGameObject: {fileID: 1750526701729223}
  m_Modification:
    m_TransformParent: {fileID: 0}
    m_Modifications: []
    m_RemovedComponents: []
  m_SourcePrefab: {fileID: 0}
--- !u!1 &1750526701729223
GameObject:
  m_CorrespondingSourceObject: {fileID: 0}
  m_PrefabInstance: {fileID: 100100000}
  m_PrefabAsset: {fileID: 0}
  serializedVersion: 5
  m_Component:
  - component: {fileID: 4436161622458023}
  - component: {fileID: 114019777835153710}
  m_Layer: 12
  m_Name: Beard3
  m_TagString: Untagged
  m_Icon: {fileID: 0}
  m_NavMeshLayer: 0
  m_StaticEditorFlags: 0
  m_IsActive: 1
--- !u!4 &4436161622458023
Transform:
  m_CorrespondingSourceObject: {fileID: 0}
  m_PrefabInstance: {fileID: 100100000}
  m_PrefabAsset: {fileID: 0}
  m_GameObject: {fileID: 1750526701729223}
  m_LocalRotation: {x: -0.002134006, y: 0, z: 0, w: 0.9999977}
  m_LocalPosition: {x: -0.2868688, y: 51.06564, z: -1.36434}
  m_LocalScale: {x: 0.9499998, y: 0.9500002, z: 0.9500005}
  m_Children:
  - {fileID: 4139189397588428}
  m_Father: {fileID: 0}
  m_RootOrder: 0
  m_LocalEulerAnglesHint: {x: -0.2445393, y: 0, z: 0}
--- !u!114 &114019777835153710
MonoBehaviour:
  m_CorrespondingSourceObject: {fileID: 0}
  m_PrefabInstance: {fileID: 100100000}
  m_PrefabAsset: {fileID: 0}
  m_GameObject: {fileID: 1750526701729223}
  m_Enabled: 1
  m_EditorHideFlags: 0
  m_Script: {fileID: 11500000, guid: ee3583957fdcbe54a95d5c71c47d06a6, type: 3}
  m_Name:
  m_EditorClassIdentifier:
  m_autoPickup: 1
  m_autoDestroy: 1
  m_itemData:
    m_stack: 1
    m_durability: 100
    m_quality: 1
    m_variant: 0
    m_shared:
      m_name: $customization_beard03
      m_dlc:
      m_itemType: 10
      m_icons: []
      m_attachOverride: 0
      m_description:
      m_maxStackSize: 1
      m_maxQuality: 1
      m_weight: 1
      m_value: 0
      m_teleportable: 1
      m_questItem: 0
      m_equipDuration: 1
      m_variants: 0
      m_trophyPos: {x: 0, y: 0}
      m_buildPieces: {fileID: 0}
      m_centerCamera: 0
      m_setName:
      m_setSize: 0
      m_setStatusEffect: {fileID: 0}
      m_equipStatusEffect: {fileID: 0}
      m_movementModifier: 0
      m_food: 0
      m_foodStamina: 0
      m_foodBurnTime: 0
      m_foodRegen: 0
      m_foodColor: {r: 1, g: 1, b: 1, a: 1}
      m_armorMaterial: {fileID: 0}
      m_helmetHideHair: 1
      m_armor: 5
      m_armorPerLevel: 1
      m_damageModifiers: []
      m_blockPower: 10
      m_blockPowerPerLevel: 0
      m_deflectionForce: 0
      m_deflectionForcePerLevel: 0
      m_timedBlockBonus: 1.5
      m_animationState: 1
      m_skillType: 1
      m_toolTier: 0
      m_damages:
        m_damage: 0
        m_blunt: 10
        m_slash: 0
        m_pierce: 0
        m_chop: 0
        m_pickaxe: 0
        m_fire: 0
        m_frost: 0
        m_lightning: 0
        m_poison: 0
        m_spirit: 0
      m_damagesPerLevel:
        m_damage: 0
        m_blunt: 0
        m_slash: 0
        m_pierce: 0
        m_chop: 0
        m_pickaxe: 0
        m_fire: 0
        m_frost: 0
        m_lightning: 0
        m_poison: 0
        m_spirit: 0
      m_attackForce: 30
      m_backstabBonus: 4
      m_dodgeable: 1
      m_blockable: 1
      m_tamedOnly: 0
      m_attackStatusEffect: {fileID: 0}
      m_spawnOnHit: {fileID: 0}
      m_spawnOnHitTerrain: {fileID: 0}
      m_attack:
        m_attackType: 0
        m_attackAnimation:
        m_attackRandomAnimations: 0
        m_attackChainLevels: 0
        m_consumeItem: 0
        m_hitTerrain: 1
        m_attackStamina: 20
        m_speedFactor: 0.2
        m_speedFactorRotation: 0.2
        m_attackStartNoise: 10
        m_attackHitNoise: 30
        m_damageMultiplier: 1
        m_forceMultiplier: 1
        m_staggerMultiplier: 1
        m_attackOriginJoint:
        m_attackRange: 2.4
        m_attackHeight: 0.8
        m_attackOffset: 0
        m_spawnOnTrigger: {fileID: 0}
        m_attackAngle: 90
        m_attackRayWidth: 0
        m_maxYAngle: 0
        m_lowerDamagePerHit: 1
        m_hitPointtype: 0
        m_hitThroughWalls: 0
        m_multiHit: 1
        m_pickaxeSpecial: 0
        m_lastChainDamageMultiplier: 2
        m_resetChainIfHit: 0
        m_skillHitType: 4
        m_specialHitSkill: 0
        m_specialHitType: 0
        m_attackProjectile: {fileID: 0}
        m_projectileVel: 10
        m_projectileVelMin: 2
        m_projectileAccuracy: 10
        m_projectileAccuracyMin: 20
        m_useCharacterFacing: 0
        m_useCharacterFacingYAim: 0
        m_launchAngle: 0
        m_projectiles: 1
        m_projectileBursts: 1
        m_burstInterval: 0
        m_destroyPreviousProjectile: 0
        m_hitEffect:
          m_effectPrefabs: []
        m_hitTerrainEffect:
          m_effectPrefabs: []
        m_startEffect:
          m_effectPrefabs: []
        m_triggerEffect:
          m_effectPrefabs: []
        m_trailStartEffect:
          m_effectPrefabs: []
      m_secondaryAttack:
        m_attackType: 0
        m_attackAnimation:
        m_attackRandomAnimations: 0
        m_attackChainLevels: 0
        m_consumeItem: 0
        m_hitTerrain: 1
        m_attackStamina: 20
        m_speedFactor: 0.2
        m_speedFactorRotation: 0.2
        m_attackStartNoise: 10
        m_attackHitNoise: 30
        m_damageMultiplier: 1
        m_forceMultiplier: 1
        m_staggerMultiplier: 1
        m_attackOriginJoint:
        m_attackRange: 1.5
        m_attackHeight: 0.6
        m_attackOffset: 0
        m_spawnOnTrigger: {fileID: 0}
        m_attackAngle: 90
        m_attackRayWidth: 0
        m_maxYAngle: 0
        m_lowerDamagePerHit: 1
        m_hitPointtype: 0
        m_hitThroughWalls: 0
        m_multiHit: 1
        m_pickaxeSpecial: 0
        m_lastChainDamageMultiplier: 2
        m_resetChainIfHit: 0
        m_skillHitType: 4
        m_specialHitSkill: 0
        m_specialHitType: 0
        m_attackProjectile: {fileID: 0}
        m_projectileVel: 10
        m_projectileVelMin: 2
        m_projectileAccuracy: 10
        m_projectileAccuracyMin: 20
        m_useCharacterFacing: 0
        m_useCharacterFacingYAim: 0
        m_launchAngle: 0
        m_projectiles: 1
        m_projectileBursts: 1
        m_burstInterval: 0
        m_destroyPreviousProjectile: 0
        m_hitEffect:
          m_effectPrefabs: []
        m_hitTerrainEffect:
          m_effectPrefabs: []
        m_startEffect:
          m_effectPrefabs: []
        m_triggerEffect:
          m_effectPrefabs: []
        m_trailStartEffect:
          m_effectPrefabs: []
      m_useDurability: 0
      m_destroyBroken: 1
      m_canBeReparied: 1
      m_maxDurability: 100
      m_durabilityPerLevel: 50
      m_useDurabilityDrain: 1
      m_durabilityDrain: 0
      m_holdDurationMin: 0
      m_holdStaminaDrain: 0
      m_holdAnimationState:
      m_ammoType:
      m_aiAttackRange: 2
      m_aiAttackRangeMin: 0
      m_aiAttackInterval: 2
      m_aiAttackMaxAngle: 5
      m_aiWhenFlying: 1
      m_aiWhenWalking: 1
      m_aiWhenSwiming: 1
      m_aiPrioritized: 0
      m_aiTargetType: 0
      m_hitEffect:
        m_effectPrefabs: []
      m_hitTerrainEffect:
        m_effectPrefabs: []
      m_blockEffect:
        m_effectPrefabs: []
      m_startEffect:
        m_effectPrefabs: []
      m_holdStartEffect:
        m_effectPrefabs: []
      m_triggerEffect:
        m_effectPrefabs: []
      m_trailStartEffect:
        m_effectPrefabs: []
      m_consumeStatusEffect: {fileID: 0}
--- !u!1 &1431960664057662
GameObject:
  m_CorrespondingSourceObject: {fileID: 0}
  m_PrefabInstance: {fileID: 100100000}
  m_PrefabAsset: {fileID: 0}
  serializedVersion: 5
  m_Component:
  - component: {fileID: 4139189397588428}
  m_Layer: 0
  m_Name: attach_skin
  m_TagString: Untagged
  m_Icon: {fileID: 0}
  m_NavMeshLayer: 0
  m_StaticEditorFlags: 0
  m_IsActive: 1
--- !u!4 &4139189397588428
Transform:
  m_CorrespondingSourceObject: {fileID: 0}
  m_PrefabInstance: {fileID: 100100000}
  m_PrefabAsset: {fileID: 0}
  m_GameObject: {fileID: 1431960664057662}
  m_LocalRotation: {x: 0, y: 0, z: 0, w: 1}
  m_LocalPosition: {x: 0, y: 0, z: 0}
  m_LocalScale: {x: 1, y: 1, z: 1}
  m_Children:
  - {fileID: 4326967217591228}
  - {fileID: 4674101101344316}
  m_Father: {fileID: 4436161622458023}
  m_RootOrder: 0
  m_LocalEulerAnglesHint: {x: 0, y: 0, z: 0}
--- !u!1 &1587515891976766
GameObject:
  m_CorrespondingSourceObject: {fileID: 0}
  m_PrefabInstance: {fileID: 100100000}
  m_PrefabAsset: {fileID: 0}
  serializedVersion: 5
  m_Component:
  - component: {fileID: 4326967217591228}
  m_Layer: 0
  m_Name: Armature
  m_TagString: Untagged
  m_Icon: {fileID: 0}
  m_NavMeshLayer: 0
  m_StaticEditorFlags: 0
  m_IsActive: 0
--- !u!4 &4326967217591228
Transform:
  m_CorrespondingSourceObject: {fileID: 0}
  m_PrefabInstance: {fileID: 100100000}
  m_PrefabAsset: {fileID: 0}
  m_GameObject: {fileID: 1587515891976766}
  m_LocalRotation: {x: -0.7071068, y: 0, z: 0, w: 0.7071068}
  m_LocalPosition: {x: 0, y: 0, z: 0}
  m_LocalScale: {x: 100, y: 100, z: 100}
  m_Children:
  - {fileID: 4225468340585582}
  m_Father: {fileID: 4139189397588428}
  m_RootOrder: 0
  m_LocalEulerAnglesHint: {x: -90, y: 0, z: 0}
--- !u!1 &1851906549901725
GameObject:
  m_CorrespondingSourceObject: {fileID: 0}
  m_PrefabInstance: {fileID: 100100000}
  m_PrefabAsset: {fileID: 0}
  serializedVersion: 5
  m_Component:
  - component: {fileID: 4225468340585582}
  m_Layer: 0
  m_Name: Hips
  m_TagString: Untagged
  m_Icon: {fileID: 0}
  m_NavMeshLayer: 0
  m_StaticEditorFlags: 0
  m_IsActive: 1
--- !u!4 &4225468340585582
Transform:
  m_CorrespondingSourceObject: {fileID: 0}
  m_PrefabInstance: {fileID: 100100000}
  m_PrefabAsset: {fileID: 0}
  m_GameObject: {fileID: 1851906549901725}
  m_LocalRotation: {x: 0.7071068, y: 0, z: 0, w: 0.7071068}
  m_LocalPosition: {x: 0, y: 7.026316E-05, z: 0.009579787}
  m_LocalScale: {x: 1, y: 1, z: 1}
  m_Children:
  - {fileID: 4722792135693540}
  - {fileID: 4995870897548981}
  - {fileID: 4091214467732137}
  m_Father: {fileID: 4326967217591228}
  m_RootOrder: 0
  m_LocalEulerAnglesHint: {x: 90, y: 0, z: 0}
--- !u!1 &1873438936007915
GameObject:
  m_CorrespondingSourceObject: {fileID: 0}
  m_PrefabInstance: {fileID: 100100000}
  m_PrefabAsset: {fileID: 0}
  serializedVersion: 5
  m_Component:
  - component: {fileID: 4722792135693540}
  m_Layer: 0
  m_Name: LeftUpLeg
  m_TagString: Untagged
  m_Icon: {fileID: 0}
  m_NavMeshLayer: 0
  m_StaticEditorFlags: 0
  m_IsActive: 1
--- !u!4 &4722792135693540
Transform:
  m_CorrespondingSourceObject: {fileID: 0}
  m_PrefabInstance: {fileID: 100100000}
  m_PrefabAsset: {fileID: 0}
  m_GameObject: {fileID: 1873438936007915}
  m_LocalRotation: {x: 0.0002601492, y: -0.03361914, z: 0.9994042, w: 0.00780658}
  m_LocalPosition: {x: -0.001028195, y: 0.001144692, z: -5.299361E-05}
  m_LocalScale: {x: 1.000004, y: 1, z: 1.000067}
  m_Children:
  - {fileID: 4020367287591669}
  m_Father: {fileID: 4225468340585582}
  m_RootOrder: 0
  m_LocalEulerAnglesHint: {x: -3.852847, y: 0.05986776, z: -179.1069}
--- !u!1 &1438215015962798
GameObject:
  m_CorrespondingSourceObject: {fileID: 0}
  m_PrefabInstance: {fileID: 100100000}
  m_PrefabAsset: {fileID: 0}
  serializedVersion: 5
  m_Component:
  - component: {fileID: 4020367287591669}
  m_Layer: 0
  m_Name: LeftLeg
  m_TagString: Untagged
  m_Icon: {fileID: 0}
  m_NavMeshLayer: 0
  m_StaticEditorFlags: 0
  m_IsActive: 1
--- !u!4 &4020367287591669
Transform:
  m_CorrespondingSourceObject: {fileID: 0}
  m_PrefabInstance: {fileID: 100100000}
  m_PrefabAsset: {fileID: 0}
  m_GameObject: {fileID: 1438215015962798}
  m_LocalRotation: {x: -0.003857391, y: -2.066251E-05, z: 0.003137332, w: 0.9999877}
  m_LocalPosition: {x: -4.976755E-11, y: 0.004738677, z: -2.276693E-11}
  m_LocalScale: {x: 1, y: 1, z: 1}
  m_Children:
  - {fileID: 4098053704950299}
  m_Father: {fileID: 4722792135693540}
  m_RootOrder: 0
  m_LocalEulerAnglesHint: {x: -0.4420308, y: 0.0009809423, z: -0.3595189}
--- !u!1 &1237468685584054
GameObject:
  m_CorrespondingSourceObject: {fileID: 0}
  m_PrefabInstance: {fileID: 100100000}
  m_PrefabAsset: {fileID: 0}
  serializedVersion: 5
  m_Component:
  - component: {fileID: 4098053704950299}
  m_Layer: 0
  m_Name: LeftFoot
  m_TagString: Untagged
  m_Icon: {fileID: 0}
  m_NavMeshLayer: 0
  m_StaticEditorFlags: 0
  m_IsActive: 1
--- !u!4 &4098053704950299
Transform:
  m_CorrespondingSourceObject: {fileID: 0}
  m_PrefabInstance: {fileID: 100100000}
  m_PrefabAsset: {fileID: 0}
  m_GameObject: {fileID: 1237468685584054}
  m_LocalRotation: {x: 0.4849221, y: -0.03238013, z: 0.01797062, w: 0.873773}
  m_LocalPosition: {x: 1.179433E-10, y: 0.004699663, z: 3.775767E-11}
  m_LocalScale: {x: 0.9999999, y: 1, z: 0.9999999}
  m_Children:
  - {fileID: 4403789409776323}
  m_Father: {fileID: 4020367287591669}
  m_RootOrder: 0
  m_LocalEulerAnglesHint: {x: 58.05835, y: 4.244598, z: -4.654666E-05}
--- !u!1 &1189086962112717
GameObject:
  m_CorrespondingSourceObject: {fileID: 0}
  m_PrefabInstance: {fileID: 100100000}
  m_PrefabAsset: {fileID: 0}
  serializedVersion: 5
  m_Component:
  - component: {fileID: 4403789409776323}
  m_Layer: 0
  m_Name: LeftToeBase
  m_TagString: Untagged
  m_Icon: {fileID: 0}
  m_NavMeshLayer: 0
  m_StaticEditorFlags: 0
  m_IsActive: 1
--- !u!4 &4403789409776323
Transform:
  m_CorrespondingSourceObject: {fileID: 0}
  m_PrefabInstance: {fileID: 100100000}
  m_PrefabAsset: {fileID: 0}
  m_GameObject: {fileID: 1189086962112717}
  m_LocalRotation: {x: 0.2955232, y: 0.1077301, z: -0.06653067, w: 0.9469076}
  m_LocalPosition: {x: 1.490662E-11, y: 0.002158782, z: 4.889443E-11}
  m_LocalScale: {x: 0.9999999, y: 1, z: 0.9999999}
  m_Children:
  - {fileID: 4794156433761830}
  m_Father: {fileID: 4098053704950299}
  m_RootOrder: 0
  m_LocalEulerAnglesHint: {x: 34.21031, y: -14.08396, z: 3.684068}
--- !u!1 &1263658031032354
GameObject:
  m_CorrespondingSourceObject: {fileID: 0}
  m_PrefabInstance: {fileID: 100100000}
  m_PrefabAsset: {fileID: 0}
  serializedVersion: 5
  m_Component:
  - component: {fileID: 4794156433761830}
  m_Layer: 0
  m_Name: LeftToeBase_end
  m_TagString: Untagged
  m_Icon: {fileID: 0}
  m_NavMeshLayer: 0
  m_StaticEditorFlags: 0
  m_IsActive: 1
--- !u!4 &4794156433761830
Transform:
  m_CorrespondingSourceObject: {fileID: 0}
  m_PrefabInstance: {fileID: 100100000}
  m_PrefabAsset: {fileID: 0}
  m_GameObject: {fileID: 1263658031032354}
  m_LocalRotation: {x: 0, y: 0, z: 0, w: 1}
  m_LocalPosition: {x: 0, y: 0.0008040303, z: 0}
  m_LocalScale: {x: 1, y: 1, z: 1}
  m_Children: []
  m_Father: {fileID: 4403789409776323}
  m_RootOrder: 0
  m_LocalEulerAnglesHint: {x: 0, y: 0, z: 0}
--- !u!1 &1431392982027590
GameObject:
  m_CorrespondingSourceObject: {fileID: 0}
  m_PrefabInstance: {fileID: 100100000}
  m_PrefabAsset: {fileID: 0}
  serializedVersion: 5
  m_Component:
  - component: {fileID: 4995870897548981}
  m_Layer: 0
  m_Name: RightUpLeg
  m_TagString: Untagged
  m_Icon: {fileID: 0}
  m_NavMeshLayer: 0
  m_StaticEditorFlags: 0
  m_IsActive: 1
--- !u!4 &4995870897548981
Transform:
  m_CorrespondingSourceObject: {fileID: 0}
  m_PrefabInstance: {fileID: 100100000}
  m_PrefabAsset: {fileID: 0}
  m_GameObject: {fileID: 1431392982027590}
  m_LocalRotation: {x: -0.0002601492, y: -0.03361914, z: 0.9994042, w: -0.00780658}
  m_LocalPosition: {x: 0.001028195, y: 0.001144692, z: -5.299361E-05}
  m_LocalScale: {x: 1.000004, y: 1, z: 1.000067}
  m_Children:
  - {fileID: 4327915548365647}
  m_Father: {fileID: 4225468340585582}
  m_RootOrder: 1
  m_LocalEulerAnglesHint: {x: -3.852847, y: -0.05986776, z: 179.1069}
--- !u!1 &1536554831328775
GameObject:
  m_CorrespondingSourceObject: {fileID: 0}
  m_PrefabInstance: {fileID: 100100000}
  m_PrefabAsset: {fileID: 0}
  serializedVersion: 5
  m_Component:
  - component: {fileID: 4327915548365647}
  m_Layer: 0
  m_Name: RightLeg
  m_TagString: Untagged
  m_Icon: {fileID: 0}
  m_NavMeshLayer: 0
  m_StaticEditorFlags: 0
  m_IsActive: 1
--- !u!4 &4327915548365647
Transform:
  m_CorrespondingSourceObject: {fileID: 0}
  m_PrefabInstance: {fileID: 100100000}
  m_PrefabAsset: {fileID: 0}
  m_GameObject: {fileID: 1536554831328775}
  m_LocalRotation: {x: -0.003857391, y: 2.066251E-05, z: -0.003137332, w: 0.9999877}
  m_LocalPosition: {x: 4.976755E-11, y: 0.004738677, z: -2.276693E-11}
  m_LocalScale: {x: 1, y: 1, z: 1}
  m_Children:
  - {fileID: 4116249393343696}
  m_Father: {fileID: 4995870897548981}
  m_RootOrder: 0
  m_LocalEulerAnglesHint: {x: -0.4420308, y: -0.0009809423, z: 0.3595189}
--- !u!1 &1176975548600130
GameObject:
  m_CorrespondingSourceObject: {fileID: 0}
  m_PrefabInstance: {fileID: 100100000}
  m_PrefabAsset: {fileID: 0}
  serializedVersion: 5
  m_Component:
  - component: {fileID: 4116249393343696}
  m_Layer: 0
  m_Name: RightFoot
  m_TagString: Untagged
  m_Icon: {fileID: 0}
  m_NavMeshLayer: 0
  m_StaticEditorFlags: 0
  m_IsActive: 1
--- !u!4 &4116249393343696
Transform:
  m_CorrespondingSourceObject: {fileID: 0}
  m_PrefabInstance: {fileID: 100100000}
  m_PrefabAsset: {fileID: 0}
  m_GameObject: {fileID: 1176975548600130}
  m_LocalRotation: {x: 0.4849221, y: 0.03238013, z: -0.01797062, w: 0.873773}
  m_LocalPosition: {x: -1.179433E-10, y: 0.004699663, z: 3.775767E-11}
  m_LocalScale: {x: 0.9999999, y: 1, z: 0.9999999}
  m_Children:
  - {fileID: 4045179889084809}
  m_Father: {fileID: 4327915548365647}
  m_RootOrder: 0
  m_LocalEulerAnglesHint: {x: 58.05835, y: -4.244598, z: 4.654666E-05}
--- !u!1 &1468228507743865
GameObject:
  m_CorrespondingSourceObject: {fileID: 0}
  m_PrefabInstance: {fileID: 100100000}
  m_PrefabAsset: {fileID: 0}
  serializedVersion: 5
  m_Component:
  - component: {fileID: 4045179889084809}
  m_Layer: 0
  m_Name: RightToeBase
  m_TagString: Untagged
  m_Icon: {fileID: 0}
  m_NavMeshLayer: 0
  m_StaticEditorFlags: 0
  m_IsActive: 1
--- !u!4 &4045179889084809
Transform:
  m_CorrespondingSourceObject: {fileID: 0}
  m_PrefabInstance: {fileID: 100100000}
  m_PrefabAsset: {fileID: 0}
  m_GameObject: {fileID: 1468228507743865}
  m_LocalRotation: {x: 0.2955232, y: -0.1077301, z: 0.06653067, w: 0.9469076}
  m_LocalPosition: {x: -1.490662E-11, y: 0.002158782, z: 4.889443E-11}
  m_LocalScale: {x: 0.9999999, y: 1, z: 0.9999999}
  m_Children:
  - {fileID: 4404771394486402}
  m_Father: {fileID: 4116249393343696}
  m_RootOrder: 0
  m_LocalEulerAnglesHint: {x: 34.21031, y: 14.08396, z: -3.684068}
--- !u!1 &1936869456648969
GameObject:
  m_CorrespondingSourceObject: {fileID: 0}
  m_PrefabInstance: {fileID: 100100000}
  m_PrefabAsset: {fileID: 0}
  serializedVersion: 5
  m_Component:
  - component: {fileID: 4404771394486402}
  m_Layer: 0
  m_Name: RightToeBase_end
  m_TagString: Untagged
  m_Icon: {fileID: 0}
  m_NavMeshLayer: 0
  m_StaticEditorFlags: 0
  m_IsActive: 1
--- !u!4 &4404771394486402
Transform:
  m_CorrespondingSourceObject: {fileID: 0}
  m_PrefabInstance: {fileID: 100100000}
  m_PrefabAsset: {fileID: 0}
  m_GameObject: {fileID: 1936869456648969}
  m_LocalRotation: {x: 0, y: 0, z: 0, w: 1}
  m_LocalPosition: {x: 0, y: 0.0008040303, z: 0}
  m_LocalScale: {x: 1, y: 1, z: 1}
  m_Children: []
  m_Father: {fileID: 4045179889084809}
  m_RootOrder: 0
  m_LocalEulerAnglesHint: {x: 0, y: 0, z: 0}
--- !u!1 &1505845638726862
GameObject:
  m_CorrespondingSourceObject: {fileID: 0}
  m_PrefabInstance: {fileID: 100100000}
  m_PrefabAsset: {fileID: 0}
  serializedVersion: 5
  m_Component:
  - component: {fileID: 4091214467732137}
  m_Layer: 0
  m_Name: Spine
  m_TagString: Untagged
  m_Icon: {fileID: 0}
  m_NavMeshLayer: 0
  m_StaticEditorFlags: 0
  m_IsActive: 1
--- !u!4 &4091214467732137
Transform:
  m_CorrespondingSourceObject: {fileID: 0}
  m_PrefabInstance: {fileID: 100100000}
  m_PrefabAsset: {fileID: 0}
  m_GameObject: {fileID: 1505845638726862}
  m_LocalRotation: {x: -0.03922647, y: 0, z: 0, w: 0.9992304}
  m_LocalPosition: {x: 0, y: 0.001202162, z: 1.598366E-12}
  m_LocalScale: {x: 1, y: 1, z: 1}
  m_Children:
  - {fileID: 4056027565953545}
  m_Father: {fileID: 4225468340585582}
  m_RootOrder: 2
  m_LocalEulerAnglesHint: {x: -4.496175, y: 0, z: 0}
--- !u!1 &1977055133049714
GameObject:
  m_CorrespondingSourceObject: {fileID: 0}
  m_PrefabInstance: {fileID: 100100000}
  m_PrefabAsset: {fileID: 0}
  serializedVersion: 5
  m_Component:
  - component: {fileID: 4056027565953545}
  m_Layer: 0
  m_Name: Spine1
  m_TagString: Untagged
  m_Icon: {fileID: 0}
  m_NavMeshLayer: 0
  m_StaticEditorFlags: 0
  m_IsActive: 1
--- !u!4 &4056027565953545
Transform:
  m_CorrespondingSourceObject: {fileID: 0}
  m_PrefabInstance: {fileID: 100100000}
  m_PrefabAsset: {fileID: 0}
  m_GameObject: {fileID: 1977055133049714}
  m_LocalRotation: {x: -0.01017069, y: 0, z: 0, w: 0.9999483}
  m_LocalPosition: {x: 0, y: 0.003014359, z: -3.72529E-11}
  m_LocalScale: {x: 1, y: 1, z: 1}
  m_Children:
  - {fileID: 4871897569693008}
  m_Father: {fileID: 4091214467732137}
  m_RootOrder: 0
  m_LocalEulerAnglesHint: {x: -1.165495, y: 0, z: 0}
--- !u!1 &1599446080814973
GameObject:
  m_CorrespondingSourceObject: {fileID: 0}
  m_PrefabInstance: {fileID: 100100000}
  m_PrefabAsset: {fileID: 0}
  serializedVersion: 5
  m_Component:
  - component: {fileID: 4871897569693008}
  m_Layer: 0
  m_Name: Spine2
  m_TagString: Untagged
  m_Icon: {fileID: 0}
  m_NavMeshLayer: 0
  m_StaticEditorFlags: 0
  m_IsActive: 1
--- !u!4 &4871897569693008
Transform:
  m_CorrespondingSourceObject: {fileID: 0}
  m_PrefabInstance: {fileID: 100100000}
  m_PrefabAsset: {fileID: 0}
  m_GameObject: {fileID: 1599446080814973}
  m_LocalRotation: {x: -7.450581E-09, y: 0, z: 0, w: 1}
  m_LocalPosition: {x: 0, y: 0.001508224, z: 7.45058E-11}
  m_LocalScale: {x: 1, y: 1, z: 1}
  m_Children:
  - {fileID: 4482157931458166}
  - {fileID: 4518584421808881}
  - {fileID: 4873638306755254}
  m_Father: {fileID: 4056027565953545}
  m_RootOrder: 0
  m_LocalEulerAnglesHint: {x: -8.537737E-07, y: 0, z: 0}
--- !u!1 &1504664250461494
GameObject:
  m_CorrespondingSourceObject: {fileID: 0}
  m_PrefabInstance: {fileID: 100100000}
  m_PrefabAsset: {fileID: 0}
  serializedVersion: 5
  m_Component:
  - component: {fileID: 4482157931458166}
  m_Layer: 0
  m_Name: LeftShoulder
  m_TagString: Untagged
  m_Icon: {fileID: 0}
  m_NavMeshLayer: 0
  m_StaticEditorFlags: 0
  m_IsActive: 1
--- !u!4 &4482157931458166
Transform:
  m_CorrespondingSourceObject: {fileID: 0}
  m_PrefabInstance: {fileID: 100100000}
  m_PrefabAsset: {fileID: 0}
  m_GameObject: {fileID: 1504664250461494}
  m_LocalRotation: {x: 0.5642897, y: -0.4188654, z: 0.5860074, w: 0.4033909}
  m_LocalPosition: {x: -0.0007651657, y: 0.001433652, z: -2.895359E-05}
  m_LocalScale: {x: 0.9999998, y: 0.9999998, z: 1}
  m_Children:
  - {fileID: 4070027923469516}
  m_Father: {fileID: 4871897569693008}
  m_RootOrder: 0
  m_LocalEulerAnglesHint: {x: -71.02892, y: 87.8391, z: -179.9129}
--- !u!1 &1526856357243253
GameObject:
  m_CorrespondingSourceObject: {fileID: 0}
  m_PrefabInstance: {fileID: 100100000}
  m_PrefabAsset: {fileID: 0}
  serializedVersion: 5
  m_Component:
  - component: {fileID: 4070027923469516}
  m_Layer: 0
  m_Name: LeftArm
  m_TagString: Untagged
  m_Icon: {fileID: 0}
  m_NavMeshLayer: 0
  m_StaticEditorFlags: 0
  m_IsActive: 1
--- !u!4 &4070027923469516
Transform:
  m_CorrespondingSourceObject: {fileID: 0}
  m_PrefabInstance: {fileID: 100100000}
  m_PrefabAsset: {fileID: 0}
  m_GameObject: {fileID: 1526856357243253}
  m_LocalRotation: {x: 0.336305, y: -0.04737156, z: 0.01694082, w: 0.9404083}
  m_LocalPosition: {x: -1.303852E-10, y: 0.001607736, z: 1.806766E-09}
  m_LocalScale: {x: 1, y: 1, z: 1}
  m_Children:
  - {fileID: 4585079069366161}
  m_Father: {fileID: 4482157931458166}
  m_RootOrder: 0
  m_LocalEulerAnglesHint: {x: 39.35572, y: 5.76749, z: 2.610709E-07}
--- !u!1 &1126329732895964
GameObject:
  m_CorrespondingSourceObject: {fileID: 0}
  m_PrefabInstance: {fileID: 100100000}
  m_PrefabAsset: {fileID: 0}
  serializedVersion: 5
  m_Component:
  - component: {fileID: 4585079069366161}
  m_Layer: 0
  m_Name: LeftForeArm
  m_TagString: Untagged
  m_Icon: {fileID: 0}
  m_NavMeshLayer: 0
  m_StaticEditorFlags: 0
  m_IsActive: 1
--- !u!4 &4585079069366161
Transform:
  m_CorrespondingSourceObject: {fileID: 0}
  m_PrefabInstance: {fileID: 100100000}
  m_PrefabAsset: {fileID: 0}
  m_GameObject: {fileID: 1126329732895964}
  m_LocalRotation: {x: -0.006960623, y: 2.943834E-05, z: -0.004249121, w: 0.9999667}
  m_LocalPosition: {x: 9.313226E-12, y: 0.00334694, z: -1.156004E-09}
  m_LocalScale: {x: 1, y: 0.9999999, z: 0.9999999}
  m_Children:
  - {fileID: 4028755092780702}
  m_Father: {fileID: 4070027923469516}
  m_RootOrder: 0
  m_LocalEulerAnglesHint: {x: -0.7976422, y: 1.594704E-05, z: 0.4869266}
--- !u!1 &1127262001391406
GameObject:
  m_CorrespondingSourceObject: {fileID: 0}
  m_PrefabInstance: {fileID: 100100000}
  m_PrefabAsset: {fileID: 0}
  serializedVersion: 5
  m_Component:
  - component: {fileID: 4028755092780702}
  m_Layer: 0
  m_Name: LeftHand
  m_TagString: Untagged
  m_Icon: {fileID: 0}
  m_NavMeshLayer: 0
  m_StaticEditorFlags: 0
  m_IsActive: 1
--- !u!4 &4028755092780702
Transform:
  m_CorrespondingSourceObject: {fileID: 0}
  m_PrefabInstance: {fileID: 100100000}
  m_PrefabAsset: {fileID: 0}
  m_GameObject: {fileID: 1127262001391406}
  m_LocalRotation: {x: -0.06455998, y: 0.02832363, z: 0.01262294, w: 0.9974319}
  m_LocalPosition: {x: 1.018634E-11, y: 0.002737132, z: -7.665949E-10}
  m_LocalScale: {x: 1, y: 1, z: 1}
  m_Children:
  - {fileID: 4621404366890509}
  - {fileID: 4244355702761550}
  - {fileID: 4015260953279432}
  - {fileID: 4489333967136507}
  - {fileID: 4369151118592651}
  m_Father: {fileID: 4585079069366161}
  m_RootOrder: 0
  m_LocalEulerAnglesHint: {x: -7.370805, y: -3.332577, z: -1.235414}
--- !u!1 &1532243536570956
GameObject:
  m_CorrespondingSourceObject: {fileID: 0}
  m_PrefabInstance: {fileID: 100100000}
  m_PrefabAsset: {fileID: 0}
  serializedVersion: 5
  m_Component:
  - component: {fileID: 4621404366890509}
  m_Layer: 0
  m_Name: LeftHandIndex1
  m_TagString: Untagged
  m_Icon: {fileID: 0}
  m_NavMeshLayer: 0
  m_StaticEditorFlags: 0
  m_IsActive: 1
--- !u!4 &4621404366890509
Transform:
  m_CorrespondingSourceObject: {fileID: 0}
  m_PrefabInstance: {fileID: 100100000}
  m_PrefabAsset: {fileID: 0}
  m_GameObject: {fileID: 1532243536570956}
  m_LocalRotation: {x: 0.03282817, y: -0.001456517, z: -0.1097009, w: 0.9934213}
  m_LocalPosition: {x: 0.0003959242, y: 0.001110128, z: -4.872128E-05}
  m_LocalScale: {x: 0.9999999, y: 0.9999999, z: 0.9999999}
  m_Children:
  - {fileID: 4732618286302456}
  m_Father: {fileID: 4028755092780702}
  m_RootOrder: 0
  m_LocalEulerAnglesHint: {x: 3.758122, y: -0.2468707, z: 12.59489}
--- !u!1 &1647779989431544
GameObject:
  m_CorrespondingSourceObject: {fileID: 0}
  m_PrefabInstance: {fileID: 100100000}
  m_PrefabAsset: {fileID: 0}
  serializedVersion: 5
  m_Component:
  - component: {fileID: 4732618286302456}
  m_Layer: 0
  m_Name: LeftHandIndex2
  m_TagString: Untagged
  m_Icon: {fileID: 0}
  m_NavMeshLayer: 0
  m_StaticEditorFlags: 0
  m_IsActive: 1
--- !u!4 &4732618286302456
Transform:
  m_CorrespondingSourceObject: {fileID: 0}
  m_PrefabInstance: {fileID: 100100000}
  m_PrefabAsset: {fileID: 0}
  m_GameObject: {fileID: 1647779989431544}
  m_LocalRotation: {x: 0.06884801, y: 0.06095865, z: 0.01544263, w: 0.9956433}
  m_LocalPosition: {x: 1.024455E-10, y: 0.0005313425, z: -9.19681E-11}
  m_LocalScale: {x: 0.9999999, y: 0.9999999, z: 0.9999999}
  m_Children:
  - {fileID: 4112670890320446}
  m_Father: {fileID: 4621404366890509}
  m_RootOrder: 0
  m_LocalEulerAnglesHint: {x: 8.046564, y: -6.849382, z: -2.25952}
--- !u!1 &1838525903916604
GameObject:
  m_CorrespondingSourceObject: {fileID: 0}
  m_PrefabInstance: {fileID: 100100000}
  m_PrefabAsset: {fileID: 0}
  serializedVersion: 5
  m_Component:
  - component: {fileID: 4112670890320446}
  m_Layer: 0
  m_Name: LeftHandIndex3
  m_TagString: Untagged
  m_Icon: {fileID: 0}
  m_NavMeshLayer: 0
  m_StaticEditorFlags: 0
  m_IsActive: 1
--- !u!4 &4112670890320446
Transform:
  m_CorrespondingSourceObject: {fileID: 0}
  m_PrefabInstance: {fileID: 100100000}
  m_PrefabAsset: {fileID: 0}
  m_GameObject: {fileID: 1838525903916604}
  m_LocalRotation: {x: 0.004823869, y: -0.05653369, z: 0.005756791, w: 0.9983725}
  m_LocalPosition: {x: -7.45058E-11, y: 0.0003363438, z: 5.238689E-10}
  m_LocalScale: {x: 1, y: 1, z: 1}
  m_Children:
  - {fileID: 4623305299691797}
  m_Father: {fileID: 4732618286302456}
  m_RootOrder: 0
  m_LocalEulerAnglesHint: {x: 0.5179014, y: 6.484757, z: -0.6314081}
--- !u!1 &1453424639650602
GameObject:
  m_CorrespondingSourceObject: {fileID: 0}
  m_PrefabInstance: {fileID: 100100000}
  m_PrefabAsset: {fileID: 0}
  serializedVersion: 5
  m_Component:
  - component: {fileID: 4623305299691797}
  m_Layer: 0
  m_Name: LeftHandIndex3_end
  m_TagString: Untagged
  m_Icon: {fileID: 0}
  m_NavMeshLayer: 0
  m_StaticEditorFlags: 0
  m_IsActive: 1
--- !u!4 &4623305299691797
Transform:
  m_CorrespondingSourceObject: {fileID: 0}
  m_PrefabInstance: {fileID: 100100000}
  m_PrefabAsset: {fileID: 0}
  m_GameObject: {fileID: 1453424639650602}
  m_LocalRotation: {x: 0, y: 0, z: 0, w: 1}
  m_LocalPosition: {x: 0, y: 0.0003357995, z: 0}
  m_LocalScale: {x: 1, y: 1, z: 1}
  m_Children: []
  m_Father: {fileID: 4112670890320446}
  m_RootOrder: 0
  m_LocalEulerAnglesHint: {x: 0, y: 0, z: 0}
--- !u!1 &1811081596390611
GameObject:
  m_CorrespondingSourceObject: {fileID: 0}
  m_PrefabInstance: {fileID: 100100000}
  m_PrefabAsset: {fileID: 0}
  serializedVersion: 5
  m_Component:
  - component: {fileID: 4244355702761550}
  m_Layer: 0
  m_Name: LeftHandMiddle1
  m_TagString: Untagged
  m_Icon: {fileID: 0}
  m_NavMeshLayer: 0
  m_StaticEditorFlags: 0
  m_IsActive: 1
--- !u!4 &4244355702761550
Transform:
  m_CorrespondingSourceObject: {fileID: 0}
  m_PrefabInstance: {fileID: 100100000}
  m_PrefabAsset: {fileID: 0}
  m_GameObject: {fileID: 1811081596390611}
  m_LocalRotation: {x: -0.02467049, y: -0.001062265, z: -0.06158492, w: 0.9977964}
  m_LocalPosition: {x: 0.0001167138, y: 0.001193551, z: -4.548967E-05}
  m_LocalScale: {x: 1, y: 0.9999999, z: 1}
  m_Children:
  - {fileID: 4973147613361818}
  m_Father: {fileID: 4028755092780702}
  m_RootOrder: 1
  m_LocalEulerAnglesHint: {x: -2.814473, y: 0.295562, z: 7.056476}
--- !u!1 &1308866532692990
GameObject:
  m_CorrespondingSourceObject: {fileID: 0}
  m_PrefabInstance: {fileID: 100100000}
  m_PrefabAsset: {fileID: 0}
  serializedVersion: 5
  m_Component:
  - component: {fileID: 4973147613361818}
  m_Layer: 0
  m_Name: LeftHandMiddle2
  m_TagString: Untagged
  m_Icon: {fileID: 0}
  m_NavMeshLayer: 0
  m_StaticEditorFlags: 0
  m_IsActive: 1
--- !u!4 &4973147613361818
Transform:
  m_CorrespondingSourceObject: {fileID: 0}
  m_PrefabInstance: {fileID: 100100000}
  m_PrefabAsset: {fileID: 0}
  m_GameObject: {fileID: 1308866532692990}
  m_LocalRotation: {x: 0.1344711, y: 0.002788171, z: 0.0007806013, w: 0.9909133}
  m_LocalPosition: {x: -8.381903E-11, y: 0.000532111, z: 7.869675E-10}
  m_LocalScale: {x: 0.9999999, y: 0.9999999, z: 0.9999999}
  m_Children:
  - {fileID: 4331553076022511}
  m_Father: {fileID: 4244355702761550}
  m_RootOrder: 0
  m_LocalEulerAnglesHint: {x: 15.45649, y: -0.3045706, z: -0.1316031}
--- !u!1 &1744983852958644
GameObject:
  m_CorrespondingSourceObject: {fileID: 0}
  m_PrefabInstance: {fileID: 100100000}
  m_PrefabAsset: {fileID: 0}
  serializedVersion: 5
  m_Component:
  - component: {fileID: 4331553076022511}
  m_Layer: 0
  m_Name: LeftHandMiddle3
  m_TagString: Untagged
  m_Icon: {fileID: 0}
  m_NavMeshLayer: 0
  m_StaticEditorFlags: 0
  m_IsActive: 1
--- !u!4 &4331553076022511
Transform:
  m_CorrespondingSourceObject: {fileID: 0}
  m_PrefabInstance: {fileID: 100100000}
  m_PrefabAsset: {fileID: 0}
  m_GameObject: {fileID: 1744983852958644}
  m_LocalRotation: {x: 0.01087047, y: 0.006479894, z: 0.005190673, w: 0.9999065}
  m_LocalPosition: {x: -3.72529E-11, y: 0.0003608383, z: -4.924368E-10}
  m_LocalScale: {x: 0.9999998, y: 1, z: 1}
  m_Children:
  - {fileID: 4617536534783344}
  m_Father: {fileID: 4973147613361818}
  m_RootOrder: 0
  m_LocalEulerAnglesHint: {x: 1.249603, y: -0.736026, z: -0.6028843}
--- !u!1 &1637429651523667
GameObject:
  m_CorrespondingSourceObject: {fileID: 0}
  m_PrefabInstance: {fileID: 100100000}
  m_PrefabAsset: {fileID: 0}
  serializedVersion: 5
  m_Component:
  - component: {fileID: 4617536534783344}
  m_Layer: 0
  m_Name: LeftHandMiddle3_end
  m_TagString: Untagged
  m_Icon: {fileID: 0}
  m_NavMeshLayer: 0
  m_StaticEditorFlags: 0
  m_IsActive: 1
--- !u!4 &4617536534783344
Transform:
  m_CorrespondingSourceObject: {fileID: 0}
  m_PrefabInstance: {fileID: 100100000}
  m_PrefabAsset: {fileID: 0}
  m_GameObject: {fileID: 1637429651523667}
  m_LocalRotation: {x: 0, y: 0, z: 0, w: 1}
  m_LocalPosition: {x: 0, y: 0.0004356837, z: 0}
  m_LocalScale: {x: 1, y: 1, z: 1}
  m_Children: []
  m_Father: {fileID: 4331553076022511}
  m_RootOrder: 0
  m_LocalEulerAnglesHint: {x: 0, y: 0, z: 0}
--- !u!1 &1041739049821814
GameObject:
  m_CorrespondingSourceObject: {fileID: 0}
  m_PrefabInstance: {fileID: 100100000}
  m_PrefabAsset: {fileID: 0}
  serializedVersion: 5
  m_Component:
  - component: {fileID: 4015260953279432}
  m_Layer: 0
  m_Name: LeftHandPinky1
  m_TagString: Untagged
  m_Icon: {fileID: 0}
  m_NavMeshLayer: 0
  m_StaticEditorFlags: 0
  m_IsActive: 1
--- !u!4 &4015260953279432
Transform:
  m_CorrespondingSourceObject: {fileID: 0}
  m_PrefabInstance: {fileID: 100100000}
  m_PrefabAsset: {fileID: 0}
  m_GameObject: {fileID: 1041739049821814}
  m_LocalRotation: {x: 0.04452914, y: 0.006246471, z: 0.06025364, w: 0.9971699}
  m_LocalPosition: {x: -0.0004848002, y: 0.001125915, z: -7.299134E-05}
  m_LocalScale: {x: 1, y: 0.9999999, z: 0.9999999}
  m_Children:
  - {fileID: 4520169720916449}
  m_Father: {fileID: 4028755092780702}
  m_RootOrder: 2
  m_LocalEulerAnglesHint: {x: 5.138366, y: -0.4063164, z: -6.933979}
--- !u!1 &1022580898175853
GameObject:
  m_CorrespondingSourceObject: {fileID: 0}
  m_PrefabInstance: {fileID: 100100000}
  m_PrefabAsset: {fileID: 0}
  serializedVersion: 5
  m_Component:
  - component: {fileID: 4520169720916449}
  m_Layer: 0
  m_Name: LeftHandPinky2
  m_TagString: Untagged
  m_Icon: {fileID: 0}
  m_NavMeshLayer: 0
  m_StaticEditorFlags: 0
  m_IsActive: 1
--- !u!4 &4520169720916449
Transform:
  m_CorrespondingSourceObject: {fileID: 0}
  m_PrefabInstance: {fileID: 100100000}
  m_PrefabAsset: {fileID: 0}
  m_GameObject: {fileID: 1022580898175853}
  m_LocalRotation: {x: 0.06586828, y: 0.008357838, z: -0.05048659, w: 0.9965153}
  m_LocalPosition: {x: -7.45058E-11, y: 0.0003962569, z: -1.564622E-09}
  m_LocalScale: {x: 0.9999999, y: 1, z: 1}
  m_Children:
  - {fileID: 4712524764169058}
  m_Father: {fileID: 4015260953279432}
  m_RootOrder: 0
  m_LocalEulerAnglesHint: {x: 7.496696, y: -1.335591, z: 5.713104}
--- !u!1 &1151338511556934
GameObject:
  m_CorrespondingSourceObject: {fileID: 0}
  m_PrefabInstance: {fileID: 100100000}
  m_PrefabAsset: {fileID: 0}
  serializedVersion: 5
  m_Component:
  - component: {fileID: 4712524764169058}
  m_Layer: 0
  m_Name: LeftHandPinky3
  m_TagString: Untagged
  m_Icon: {fileID: 0}
  m_NavMeshLayer: 0
  m_StaticEditorFlags: 0
  m_IsActive: 1
--- !u!4 &4712524764169058
Transform:
  m_CorrespondingSourceObject: {fileID: 0}
  m_PrefabInstance: {fileID: 100100000}
  m_PrefabAsset: {fileID: 0}
  m_GameObject: {fileID: 1151338511556934}
  m_LocalRotation: {x: 0.01700366, y: 0.001337216, z: 0.06026249, w: 0.9980369}
  m_LocalPosition: {x: 3.72529E-11, y: 0.0002445158, z: 5.215406E-10}
  m_LocalScale: {x: 1, y: 1, z: 1}
  m_Children:
  - {fileID: 4833467492025978}
  m_Father: {fileID: 4520169720916449}
  m_RootOrder: 0
  m_LocalEulerAnglesHint: {x: 1.954264, y: -0.03551283, z: -6.911371}
--- !u!1 &1965950479955206
GameObject:
  m_CorrespondingSourceObject: {fileID: 0}
  m_PrefabInstance: {fileID: 100100000}
  m_PrefabAsset: {fileID: 0}
  serializedVersion: 5
  m_Component:
  - component: {fileID: 4833467492025978}
  m_Layer: 0
  m_Name: LeftHandPinky3_end
  m_TagString: Untagged
  m_Icon: {fileID: 0}
  m_NavMeshLayer: 0
  m_StaticEditorFlags: 0
  m_IsActive: 1
--- !u!4 &4833467492025978
Transform:
  m_CorrespondingSourceObject: {fileID: 0}
  m_PrefabInstance: {fileID: 100100000}
  m_PrefabAsset: {fileID: 0}
  m_GameObject: {fileID: 1965950479955206}
  m_LocalRotation: {x: 0, y: 0, z: 0, w: 1}
  m_LocalPosition: {x: 0, y: 0.0003066576, z: 0}
  m_LocalScale: {x: 1, y: 1, z: 1}
  m_Children: []
  m_Father: {fileID: 4712524764169058}
  m_RootOrder: 0
  m_LocalEulerAnglesHint: {x: 0, y: 0, z: 0}
--- !u!1 &1562240387586209
GameObject:
  m_CorrespondingSourceObject: {fileID: 0}
  m_PrefabInstance: {fileID: 100100000}
  m_PrefabAsset: {fileID: 0}
  serializedVersion: 5
  m_Component:
  - component: {fileID: 4489333967136507}
  m_Layer: 0
  m_Name: LeftHandRing1
  m_TagString: Untagged
  m_Icon: {fileID: 0}
  m_NavMeshLayer: 0
  m_StaticEditorFlags: 0
  m_IsActive: 1
--- !u!4 &4489333967136507
Transform:
  m_CorrespondingSourceObject: {fileID: 0}
  m_PrefabInstance: {fileID: 100100000}
  m_PrefabAsset: {fileID: 0}
  m_GameObject: {fileID: 1562240387586209}
  m_LocalRotation: {x: -0.02009918, y: 0.0002687908, z: -0.01645699, w: 0.9996625}
  m_LocalPosition: {x: -0.0001754799, y: 0.0012459, z: -3.30409E-05}
  m_LocalScale: {x: 1, y: 1, z: 0.9999999}
  m_Children:
  - {fileID: 4977042778833513}
  m_Father: {fileID: 4028755092780702}
  m_RootOrder: 3
  m_LocalEulerAnglesHint: {x: -2.303547, y: 0.007112929, z: 1.886156}
--- !u!1 &1878951162085246
GameObject:
  m_CorrespondingSourceObject: {fileID: 0}
  m_PrefabInstance: {fileID: 100100000}
  m_PrefabAsset: {fileID: 0}
  serializedVersion: 5
  m_Component:
  - component: {fileID: 4977042778833513}
  m_Layer: 0
  m_Name: LeftHandRing2
  m_TagString: Untagged
  m_Icon: {fileID: 0}
  m_NavMeshLayer: 0
  m_StaticEditorFlags: 0
  m_IsActive: 1
--- !u!4 &4977042778833513
Transform:
  m_CorrespondingSourceObject: {fileID: 0}
  m_PrefabInstance: {fileID: 100100000}
  m_PrefabAsset: {fileID: 0}
  m_GameObject: {fileID: 1878951162085246}
  m_LocalRotation: {x: 0.126343, y: -0.006201716, z: 0.008348563, w: 0.9919321}
  m_LocalPosition: {x: 2.328306E-11, y: 0.0004996673, z: -3.818423E-10}
  m_LocalScale: {x: 0.9999999, y: 1, z: 0.9999999}
  m_Children:
  - {fileID: 4886308836297397}
  m_Father: {fileID: 4489333967136507}
  m_RootOrder: 0
  m_LocalEulerAnglesHint: {x: 14.51124, y: 0.8258285, z: -0.8592905}
--- !u!1 &1673839304718919
GameObject:
  m_CorrespondingSourceObject: {fileID: 0}
  m_PrefabInstance: {fileID: 100100000}
  m_PrefabAsset: {fileID: 0}
  serializedVersion: 5
  m_Component:
  - component: {fileID: 4886308836297397}
  m_Layer: 0
  m_Name: LeftHandRing3
  m_TagString: Untagged
  m_Icon: {fileID: 0}
  m_NavMeshLayer: 0
  m_StaticEditorFlags: 0
  m_IsActive: 1
--- !u!4 &4886308836297397
Transform:
  m_CorrespondingSourceObject: {fileID: 0}
  m_PrefabInstance: {fileID: 100100000}
  m_PrefabAsset: {fileID: 0}
  m_GameObject: {fileID: 1673839304718919}
  m_LocalRotation: {x: 0.07025932, y: 0.003492803, z: -0.006474868, w: 0.9975016}
  m_LocalPosition: {x: -1.862645E-11, y: 0.0003218378, z: -1.210719E-10}
  m_LocalScale: {x: 1, y: 0.9999999, z: 1}
  m_Children:
  - {fileID: 4616747344138090}
  m_Father: {fileID: 4977042778833513}
  m_RootOrder: 0
  m_LocalEulerAnglesHint: {x: 8.055177, y: -0.4513804, z: 0.712031}
--- !u!1 &1317491935132577
GameObject:
  m_CorrespondingSourceObject: {fileID: 0}
  m_PrefabInstance: {fileID: 100100000}
  m_PrefabAsset: {fileID: 0}
  serializedVersion: 5
  m_Component:
  - component: {fileID: 4616747344138090}
  m_Layer: 0
  m_Name: LeftHandRing3_end
  m_TagString: Untagged
  m_Icon: {fileID: 0}
  m_NavMeshLayer: 0
  m_StaticEditorFlags: 0
  m_IsActive: 1
--- !u!4 &4616747344138090
Transform:
  m_CorrespondingSourceObject: {fileID: 0}
  m_PrefabInstance: {fileID: 100100000}
  m_PrefabAsset: {fileID: 0}
  m_GameObject: {fileID: 1317491935132577}
  m_LocalRotation: {x: 0, y: 0, z: 0, w: 1}
  m_LocalPosition: {x: 0, y: 0.0003628631, z: 0}
  m_LocalScale: {x: 1, y: 1, z: 1}
  m_Children: []
  m_Father: {fileID: 4886308836297397}
  m_RootOrder: 0
  m_LocalEulerAnglesHint: {x: 0, y: 0, z: 0}
--- !u!1 &1808701409042158
GameObject:
  m_CorrespondingSourceObject: {fileID: 0}
  m_PrefabInstance: {fileID: 100100000}
  m_PrefabAsset: {fileID: 0}
  serializedVersion: 5
  m_Component:
  - component: {fileID: 4369151118592651}
  m_Layer: 0
  m_Name: LeftHandThumb1
  m_TagString: Untagged
  m_Icon: {fileID: 0}
  m_NavMeshLayer: 0
  m_StaticEditorFlags: 0
  m_IsActive: 1
--- !u!4 &4369151118592651
Transform:
  m_CorrespondingSourceObject: {fileID: 0}
  m_PrefabInstance: {fileID: 100100000}
  m_PrefabAsset: {fileID: 0}
  m_GameObject: {fileID: 1808701409042158}
  m_LocalRotation: {x: 0.07079154, y: -0.01780453, z: -0.3140002, w: 0.9466126}
  m_LocalPosition: {x: 0.0004962922, y: 0.000414949, z: 0.0001519261}
  m_LocalScale: {x: 1, y: 0.9999999, z: 1}
  m_Children:
  - {fileID: 4891983591105013}
  m_Father: {fileID: 4028755092780702}
  m_RootOrder: 4
  m_LocalEulerAnglesHint: {x: 8.349669, y: -0.6158913, z: 36.65737}
--- !u!1 &1357795183370683
GameObject:
  m_CorrespondingSourceObject: {fileID: 0}
  m_PrefabInstance: {fileID: 100100000}
  m_PrefabAsset: {fileID: 0}
  serializedVersion: 5
  m_Component:
  - component: {fileID: 4891983591105013}
  m_Layer: 0
  m_Name: LeftHandThumb2
  m_TagString: Untagged
  m_Icon: {fileID: 0}
  m_NavMeshLayer: 0
  m_StaticEditorFlags: 0
  m_IsActive: 1
--- !u!4 &4891983591105013
Transform:
  m_CorrespondingSourceObject: {fileID: 0}
  m_PrefabInstance: {fileID: 100100000}
  m_PrefabAsset: {fileID: 0}
  m_GameObject: {fileID: 1357795183370683}
  m_LocalRotation: {x: -0.05537035, y: 0.1904618, z: 0.1333903, w: 0.9710127}
  m_LocalPosition: {x: -1.676381E-10, y: 0.0005678575, z: -6.036134E-10}
  m_LocalScale: {x: 0.9999999, y: 1, z: 0.9999999}
  m_Children:
  - {fileID: 4070053801406352}
  m_Father: {fileID: 4369151118592651}
  m_RootOrder: 0
  m_LocalEulerAnglesHint: {x: -3.522859, y: -22.62222, z: -14.93893}
--- !u!1 &1682501798873637
GameObject:
  m_CorrespondingSourceObject: {fileID: 0}
  m_PrefabInstance: {fileID: 100100000}
  m_PrefabAsset: {fileID: 0}
  serializedVersion: 5
  m_Component:
  - component: {fileID: 4070053801406352}
  m_Layer: 0
  m_Name: LeftHandThumb3
  m_TagString: Untagged
  m_Icon: {fileID: 0}
  m_NavMeshLayer: 0
  m_StaticEditorFlags: 0
  m_IsActive: 1
--- !u!4 &4070053801406352
Transform:
  m_CorrespondingSourceObject: {fileID: 0}
  m_PrefabInstance: {fileID: 100100000}
  m_PrefabAsset: {fileID: 0}
  m_GameObject: {fileID: 1682501798873637}
  m_LocalRotation: {x: 0.05808681, y: -0.2374264, z: 0.09560585, w: 0.9649426}
  m_LocalPosition: {x: 2.235174E-10, y: 0.0004628992, z: 2.700835E-10}
  m_LocalScale: {x: 1, y: 1, z: 1}
  m_Children:
  - {fileID: 4174209265294651}
  m_Father: {fileID: 4891983591105013}
  m_RootOrder: 0
  m_LocalEulerAnglesHint: {x: 4.332114, y: 27.98968, z: -10.23653}
--- !u!1 &1439939089416553
GameObject:
  m_CorrespondingSourceObject: {fileID: 0}
  m_PrefabInstance: {fileID: 100100000}
  m_PrefabAsset: {fileID: 0}
  serializedVersion: 5
  m_Component:
  - component: {fileID: 4174209265294651}
  m_Layer: 0
  m_Name: LeftHandThumb3_end
  m_TagString: Untagged
  m_Icon: {fileID: 0}
  m_NavMeshLayer: 0
  m_StaticEditorFlags: 0
  m_IsActive: 1
--- !u!4 &4174209265294651
Transform:
  m_CorrespondingSourceObject: {fileID: 0}
  m_PrefabInstance: {fileID: 100100000}
  m_PrefabAsset: {fileID: 0}
  m_GameObject: {fileID: 1439939089416553}
  m_LocalRotation: {x: 0, y: 0, z: 0, w: 1}
  m_LocalPosition: {x: 0, y: 0.0003818432, z: 0}
  m_LocalScale: {x: 1, y: 1, z: 1}
  m_Children: []
  m_Father: {fileID: 4070053801406352}
  m_RootOrder: 0
  m_LocalEulerAnglesHint: {x: 0, y: 0, z: 0}
--- !u!1 &1910390259806800
GameObject:
  m_CorrespondingSourceObject: {fileID: 0}
  m_PrefabInstance: {fileID: 100100000}
  m_PrefabAsset: {fileID: 0}
  serializedVersion: 5
  m_Component:
  - component: {fileID: 4518584421808881}
  m_Layer: 0
  m_Name: Neck
  m_TagString: Untagged
  m_Icon: {fileID: 0}
  m_NavMeshLayer: 0
  m_StaticEditorFlags: 0
  m_IsActive: 1
--- !u!4 &4518584421808881
Transform:
  m_CorrespondingSourceObject: {fileID: 0}
  m_PrefabInstance: {fileID: 100100000}
  m_PrefabAsset: {fileID: 0}
  m_GameObject: {fileID: 1910390259806800}
  m_LocalRotation: {x: 0.3464198, y: -0.008183268, z: 0.02607788, w: 0.9376814}
  m_LocalPosition: {x: 0, y: 0.001648936, z: 1.117587E-10}
  m_LocalScale: {x: 1, y: 1, z: 0.9999999}
  m_Children:
  - {fileID: 4957925146914207}
  m_Father: {fileID: 4871897569693008}
  m_RootOrder: 1
  m_LocalEulerAnglesHint: {x: 40.51135, y: 1.91486, z: -2.479387}
--- !u!1 &1938129756225051
GameObject:
  m_CorrespondingSourceObject: {fileID: 0}
  m_PrefabInstance: {fileID: 100100000}
  m_PrefabAsset: {fileID: 0}
  serializedVersion: 5
  m_Component:
  - component: {fileID: 4957925146914207}
  m_Layer: 0
  m_Name: Head
  m_TagString: Untagged
  m_Icon: {fileID: 0}
  m_NavMeshLayer: 0
  m_StaticEditorFlags: 0
  m_IsActive: 1
--- !u!4 &4957925146914207
Transform:
  m_CorrespondingSourceObject: {fileID: 0}
  m_PrefabInstance: {fileID: 100100000}
  m_PrefabAsset: {fileID: 0}
  m_GameObject: {fileID: 1938129756225051}
  m_LocalRotation: {x: -0.05980508, y: 0.7036074, z: -0.09838295, w: 0.7011995}
  m_LocalPosition: {x: 9.604264E-11, y: 0.0007881583, z: 1.815924E-09}
  m_LocalScale: {x: 1, y: 1, z: 1}
  m_Children:
  - {fileID: 4648361231213952}
  m_Father: {fileID: 4518584421808881}
  m_RootOrder: 0
  m_LocalEulerAnglesHint: {x: -89.29903, y: -77.15389, z: 92.44508}
--- !u!1 &1936326681783177
GameObject:
  m_CorrespondingSourceObject: {fileID: 0}
  m_PrefabInstance: {fileID: 100100000}
  m_PrefabAsset: {fileID: 0}
  serializedVersion: 5
  m_Component:
  - component: {fileID: 4648361231213952}
  m_Layer: 0
  m_Name: Jaw
  m_TagString: Untagged
  m_Icon: {fileID: 0}
  m_NavMeshLayer: 0
  m_StaticEditorFlags: 0
  m_IsActive: 1
--- !u!4 &4648361231213952
Transform:
  m_CorrespondingSourceObject: {fileID: 0}
  m_PrefabInstance: {fileID: 100100000}
  m_PrefabAsset: {fileID: 0}
  m_GameObject: {fileID: 1936326681783177}
  m_LocalRotation: {x: 0.5269497, y: -0.4715126, z: 0.5269492, w: 0.471513}
  m_LocalPosition: {x: -0.0005369447, y: 0.0006834961, z: -4.911201E-10}
  m_LocalScale: {x: 1, y: 1, z: 0.9999999}
  m_Children:
  - {fileID: 4980037528821757}
  m_Father: {fileID: 4957925146914207}
  m_RootOrder: 0
  m_LocalEulerAnglesHint: {x: 96.35583, y: 89.99995, z: 0}
--- !u!1 &1688384738159879
GameObject:
  m_CorrespondingSourceObject: {fileID: 0}
  m_PrefabInstance: {fileID: 100100000}
  m_PrefabAsset: {fileID: 0}
  serializedVersion: 5
  m_Component:
  - component: {fileID: 4980037528821757}
  m_Layer: 0
  m_Name: Jaw_end
  m_TagString: Untagged
  m_Icon: {fileID: 0}
  m_NavMeshLayer: 0
  m_StaticEditorFlags: 0
  m_IsActive: 1
--- !u!4 &4980037528821757
Transform:
  m_CorrespondingSourceObject: {fileID: 0}
  m_PrefabInstance: {fileID: 100100000}
  m_PrefabAsset: {fileID: 0}
  m_GameObject: {fileID: 1688384738159879}
  m_LocalRotation: {x: 0, y: 0, z: 0, w: 1}
  m_LocalPosition: {x: 0, y: 0.0009686915, z: 0}
  m_LocalScale: {x: 1, y: 1, z: 1}
  m_Children: []
  m_Father: {fileID: 4648361231213952}
  m_RootOrder: 0
  m_LocalEulerAnglesHint: {x: 0, y: 0, z: 0}
--- !u!1 &1135026156725238
GameObject:
  m_CorrespondingSourceObject: {fileID: 0}
  m_PrefabInstance: {fileID: 100100000}
  m_PrefabAsset: {fileID: 0}
  serializedVersion: 5
  m_Component:
  - component: {fileID: 4873638306755254}
  m_Layer: 0
  m_Name: RightShoulder
  m_TagString: Untagged
  m_Icon: {fileID: 0}
  m_NavMeshLayer: 0
  m_StaticEditorFlags: 0
  m_IsActive: 1
--- !u!4 &4873638306755254
Transform:
  m_CorrespondingSourceObject: {fileID: 0}
  m_PrefabInstance: {fileID: 100100000}
  m_PrefabAsset: {fileID: 0}
  m_GameObject: {fileID: 1135026156725238}
  m_LocalRotation: {x: -0.5642897, y: -0.4188654, z: 0.5860074, w: -0.4033909}
  m_LocalPosition: {x: 0.0007651657, y: 0.001433652, z: -2.895359E-05}
  m_LocalScale: {x: 0.9999998, y: 0.9999998, z: 1}
  m_Children:
  - {fileID: 4918861748474681}
  m_Father: {fileID: 4871897569693008}
  m_RootOrder: 2
  m_LocalEulerAnglesHint: {x: -71.02892, y: -87.8391, z: 179.9129}
--- !u!1 &1692210174220425
GameObject:
  m_CorrespondingSourceObject: {fileID: 0}
  m_PrefabInstance: {fileID: 100100000}
  m_PrefabAsset: {fileID: 0}
  serializedVersion: 5
  m_Component:
  - component: {fileID: 4918861748474681}
  m_Layer: 0
  m_Name: RightArm
  m_TagString: Untagged
  m_Icon: {fileID: 0}
  m_NavMeshLayer: 0
  m_StaticEditorFlags: 0
  m_IsActive: 1
--- !u!4 &4918861748474681
Transform:
  m_CorrespondingSourceObject: {fileID: 0}
  m_PrefabInstance: {fileID: 100100000}
  m_PrefabAsset: {fileID: 0}
  m_GameObject: {fileID: 1692210174220425}
  m_LocalRotation: {x: 0.336305, y: 0.04737156, z: -0.01694082, w: 0.9404083}
  m_LocalPosition: {x: 1.303852E-10, y: 0.001607736, z: 1.806766E-09}
  m_LocalScale: {x: 1, y: 1, z: 1}
  m_Children:
  - {fileID: 4838404478868253}
  m_Father: {fileID: 4873638306755254}
  m_RootOrder: 0
  m_LocalEulerAnglesHint: {x: 39.35572, y: -5.76749, z: -2.610709E-07}
--- !u!1 &1104916286785381
GameObject:
  m_CorrespondingSourceObject: {fileID: 0}
  m_PrefabInstance: {fileID: 100100000}
  m_PrefabAsset: {fileID: 0}
  serializedVersion: 5
  m_Component:
  - component: {fileID: 4838404478868253}
  m_Layer: 0
  m_Name: RightForeArm
  m_TagString: Untagged
  m_Icon: {fileID: 0}
  m_NavMeshLayer: 0
  m_StaticEditorFlags: 0
  m_IsActive: 1
--- !u!4 &4838404478868253
Transform:
  m_CorrespondingSourceObject: {fileID: 0}
  m_PrefabInstance: {fileID: 100100000}
  m_PrefabAsset: {fileID: 0}
  m_GameObject: {fileID: 1104916286785381}
  m_LocalRotation: {x: -0.006960623, y: -2.943834E-05, z: 0.004249121, w: 0.9999667}
  m_LocalPosition: {x: -9.313226E-12, y: 0.00334694, z: -1.156004E-09}
  m_LocalScale: {x: 1, y: 0.9999999, z: 0.9999999}
  m_Children:
  - {fileID: 4646456447183975}
  m_Father: {fileID: 4918861748474681}
  m_RootOrder: 0
  m_LocalEulerAnglesHint: {x: -0.7976422, y: -1.594704E-05, z: -0.4869266}
--- !u!1 &1834963115427099
GameObject:
  m_CorrespondingSourceObject: {fileID: 0}
  m_PrefabInstance: {fileID: 100100000}
  m_PrefabAsset: {fileID: 0}
  serializedVersion: 5
  m_Component:
  - component: {fileID: 4646456447183975}
  m_Layer: 0
  m_Name: RightHand
  m_TagString: Untagged
  m_Icon: {fileID: 0}
  m_NavMeshLayer: 0
  m_StaticEditorFlags: 0
  m_IsActive: 1
--- !u!4 &4646456447183975
Transform:
  m_CorrespondingSourceObject: {fileID: 0}
  m_PrefabInstance: {fileID: 100100000}
  m_PrefabAsset: {fileID: 0}
  m_GameObject: {fileID: 1834963115427099}
  m_LocalRotation: {x: -0.06455998, y: -0.02832363, z: -0.01262294, w: 0.9974319}
  m_LocalPosition: {x: -1.018634E-11, y: 0.002737132, z: -7.665949E-10}
  m_LocalScale: {x: 1, y: 1, z: 1}
  m_Children:
  - {fileID: 4557628072101748}
  - {fileID: 4891903693929224}
  - {fileID: 4204468817035369}
  - {fileID: 4304454541403991}
  - {fileID: 4301630034073136}
  m_Father: {fileID: 4838404478868253}
  m_RootOrder: 0
  m_LocalEulerAnglesHint: {x: -7.370805, y: 3.332577, z: 1.235414}
--- !u!1 &1991452318332360
GameObject:
  m_CorrespondingSourceObject: {fileID: 0}
  m_PrefabInstance: {fileID: 100100000}
  m_PrefabAsset: {fileID: 0}
  serializedVersion: 5
  m_Component:
  - component: {fileID: 4557628072101748}
  m_Layer: 0
  m_Name: RightHandIndex1
  m_TagString: Untagged
  m_Icon: {fileID: 0}
  m_NavMeshLayer: 0
  m_StaticEditorFlags: 0
  m_IsActive: 1
--- !u!4 &4557628072101748
Transform:
  m_CorrespondingSourceObject: {fileID: 0}
  m_PrefabInstance: {fileID: 100100000}
  m_PrefabAsset: {fileID: 0}
  m_GameObject: {fileID: 1991452318332360}
  m_LocalRotation: {x: 0.03282817, y: 0.001456517, z: 0.1097009, w: 0.9934213}
  m_LocalPosition: {x: -0.0003959242, y: 0.001110128, z: -4.872128E-05}
  m_LocalScale: {x: 0.9999999, y: 0.9999999, z: 0.9999999}
  m_Children:
  - {fileID: 4106752890846254}
  m_Father: {fileID: 4646456447183975}
  m_RootOrder: 0
  m_LocalEulerAnglesHint: {x: 3.758122, y: 0.2468707, z: -12.59489}
--- !u!1 &1056974432901013
GameObject:
  m_CorrespondingSourceObject: {fileID: 0}
  m_PrefabInstance: {fileID: 100100000}
  m_PrefabAsset: {fileID: 0}
  serializedVersion: 5
  m_Component:
  - component: {fileID: 4106752890846254}
  m_Layer: 0
  m_Name: RightHandIndex2
  m_TagString: Untagged
  m_Icon: {fileID: 0}
  m_NavMeshLayer: 0
  m_StaticEditorFlags: 0
  m_IsActive: 1
--- !u!4 &4106752890846254
Transform:
  m_CorrespondingSourceObject: {fileID: 0}
  m_PrefabInstance: {fileID: 100100000}
  m_PrefabAsset: {fileID: 0}
  m_GameObject: {fileID: 1056974432901013}
  m_LocalRotation: {x: 0.06884801, y: -0.06095865, z: -0.01544263, w: 0.9956433}
  m_LocalPosition: {x: -1.024455E-10, y: 0.0005313425, z: -9.19681E-11}
  m_LocalScale: {x: 0.9999999, y: 0.9999999, z: 0.9999999}
  m_Children:
  - {fileID: 4094088202912277}
  m_Father: {fileID: 4557628072101748}
  m_RootOrder: 0
  m_LocalEulerAnglesHint: {x: 8.046564, y: 6.849382, z: 2.25952}
--- !u!1 &1695214119547568
GameObject:
  m_CorrespondingSourceObject: {fileID: 0}
  m_PrefabInstance: {fileID: 100100000}
  m_PrefabAsset: {fileID: 0}
  serializedVersion: 5
  m_Component:
  - component: {fileID: 4094088202912277}
  m_Layer: 0
  m_Name: RightHandIndex3
  m_TagString: Untagged
  m_Icon: {fileID: 0}
  m_NavMeshLayer: 0
  m_StaticEditorFlags: 0
  m_IsActive: 1
--- !u!4 &4094088202912277
Transform:
  m_CorrespondingSourceObject: {fileID: 0}
  m_PrefabInstance: {fileID: 100100000}
  m_PrefabAsset: {fileID: 0}
  m_GameObject: {fileID: 1695214119547568}
  m_LocalRotation: {x: 0.004823869, y: 0.05653369, z: -0.005756791, w: 0.9983725}
  m_LocalPosition: {x: 7.45058E-11, y: 0.0003363438, z: 5.238689E-10}
  m_LocalScale: {x: 1, y: 1, z: 1}
  m_Children:
  - {fileID: 4156576457115125}
  m_Father: {fileID: 4106752890846254}
  m_RootOrder: 0
  m_LocalEulerAnglesHint: {x: 0.5179014, y: -6.484757, z: 0.6314081}
--- !u!1 &1345244230463558
GameObject:
  m_CorrespondingSourceObject: {fileID: 0}
  m_PrefabInstance: {fileID: 100100000}
  m_PrefabAsset: {fileID: 0}
  serializedVersion: 5
  m_Component:
  - component: {fileID: 4156576457115125}
  m_Layer: 0
  m_Name: RightHandIndex3_end
  m_TagString: Untagged
  m_Icon: {fileID: 0}
  m_NavMeshLayer: 0
  m_StaticEditorFlags: 0
  m_IsActive: 1
--- !u!4 &4156576457115125
Transform:
  m_CorrespondingSourceObject: {fileID: 0}
  m_PrefabInstance: {fileID: 100100000}
  m_PrefabAsset: {fileID: 0}
  m_GameObject: {fileID: 1345244230463558}
  m_LocalRotation: {x: 0, y: 0, z: 0, w: 1}
  m_LocalPosition: {x: 0, y: 0.0003357995, z: 0}
  m_LocalScale: {x: 1, y: 1, z: 1}
  m_Children: []
  m_Father: {fileID: 4094088202912277}
  m_RootOrder: 0
  m_LocalEulerAnglesHint: {x: 0, y: 0, z: 0}
--- !u!1 &1358687283687263
GameObject:
  m_CorrespondingSourceObject: {fileID: 0}
  m_PrefabInstance: {fileID: 100100000}
  m_PrefabAsset: {fileID: 0}
  serializedVersion: 5
  m_Component:
  - component: {fileID: 4891903693929224}
  m_Layer: 0
  m_Name: RightHandMiddle1
  m_TagString: Untagged
  m_Icon: {fileID: 0}
  m_NavMeshLayer: 0
  m_StaticEditorFlags: 0
  m_IsActive: 1
--- !u!4 &4891903693929224
Transform:
  m_CorrespondingSourceObject: {fileID: 0}
  m_PrefabInstance: {fileID: 100100000}
  m_PrefabAsset: {fileID: 0}
  m_GameObject: {fileID: 1358687283687263}
  m_LocalRotation: {x: -0.02467049, y: 0.001062265, z: 0.06158492, w: 0.9977964}
  m_LocalPosition: {x: -0.0001167138, y: 0.001193551, z: -4.548967E-05}
  m_LocalScale: {x: 1, y: 0.9999999, z: 1}
  m_Children:
  - {fileID: 4506132919971611}
  m_Father: {fileID: 4646456447183975}
  m_RootOrder: 1
  m_LocalEulerAnglesHint: {x: -2.814473, y: -0.295562, z: -7.056476}
--- !u!1 &1960876255438466
GameObject:
  m_CorrespondingSourceObject: {fileID: 0}
  m_PrefabInstance: {fileID: 100100000}
  m_PrefabAsset: {fileID: 0}
  serializedVersion: 5
  m_Component:
  - component: {fileID: 4506132919971611}
  m_Layer: 0
  m_Name: RightHandMiddle2
  m_TagString: Untagged
  m_Icon: {fileID: 0}
  m_NavMeshLayer: 0
  m_StaticEditorFlags: 0
  m_IsActive: 1
--- !u!4 &4506132919971611
Transform:
  m_CorrespondingSourceObject: {fileID: 0}
  m_PrefabInstance: {fileID: 100100000}
  m_PrefabAsset: {fileID: 0}
  m_GameObject: {fileID: 1960876255438466}
  m_LocalRotation: {x: 0.1344711, y: -0.002788171, z: -0.0007806013, w: 0.9909133}
  m_LocalPosition: {x: 8.381903E-11, y: 0.000532111, z: 7.869675E-10}
  m_LocalScale: {x: 0.9999999, y: 0.9999999, z: 0.9999999}
  m_Children:
  - {fileID: 4260100319730673}
  m_Father: {fileID: 4891903693929224}
  m_RootOrder: 0
  m_LocalEulerAnglesHint: {x: 15.45649, y: 0.3045706, z: 0.1316031}
--- !u!1 &1444476940847829
GameObject:
  m_CorrespondingSourceObject: {fileID: 0}
  m_PrefabInstance: {fileID: 100100000}
  m_PrefabAsset: {fileID: 0}
  serializedVersion: 5
  m_Component:
  - component: {fileID: 4260100319730673}
  m_Layer: 0
  m_Name: RightHandMiddle3
  m_TagString: Untagged
  m_Icon: {fileID: 0}
  m_NavMeshLayer: 0
  m_StaticEditorFlags: 0
  m_IsActive: 1
--- !u!4 &4260100319730673
Transform:
  m_CorrespondingSourceObject: {fileID: 0}
  m_PrefabInstance: {fileID: 100100000}
  m_PrefabAsset: {fileID: 0}
  m_GameObject: {fileID: 1444476940847829}
  m_LocalRotation: {x: 0.01087047, y: -0.006479894, z: -0.005190673, w: 0.9999065}
  m_LocalPosition: {x: 3.72529E-11, y: 0.0003608383, z: -4.924368E-10}
  m_LocalScale: {x: 0.9999998, y: 1, z: 1}
  m_Children:
  - {fileID: 4877085002497919}
  m_Father: {fileID: 4506132919971611}
  m_RootOrder: 0
  m_LocalEulerAnglesHint: {x: 1.249603, y: 0.736026, z: 0.6028843}
--- !u!1 &1311609830849248
GameObject:
  m_CorrespondingSourceObject: {fileID: 0}
  m_PrefabInstance: {fileID: 100100000}
  m_PrefabAsset: {fileID: 0}
  serializedVersion: 5
  m_Component:
  - component: {fileID: 4877085002497919}
  m_Layer: 0
  m_Name: RightHandMiddle3_end
  m_TagString: Untagged
  m_Icon: {fileID: 0}
  m_NavMeshLayer: 0
  m_StaticEditorFlags: 0
  m_IsActive: 1
--- !u!4 &4877085002497919
Transform:
  m_CorrespondingSourceObject: {fileID: 0}
  m_PrefabInstance: {fileID: 100100000}
  m_PrefabAsset: {fileID: 0}
  m_GameObject: {fileID: 1311609830849248}
  m_LocalRotation: {x: 0, y: 0, z: 0, w: 1}
  m_LocalPosition: {x: 0, y: 0.0004356837, z: 0}
  m_LocalScale: {x: 1, y: 1, z: 1}
  m_Children: []
  m_Father: {fileID: 4260100319730673}
  m_RootOrder: 0
  m_LocalEulerAnglesHint: {x: 0, y: 0, z: 0}
--- !u!1 &1653034120866570
GameObject:
  m_CorrespondingSourceObject: {fileID: 0}
  m_PrefabInstance: {fileID: 100100000}
  m_PrefabAsset: {fileID: 0}
  serializedVersion: 5
  m_Component:
  - component: {fileID: 4204468817035369}
  m_Layer: 0
  m_Name: RightHandPinky1
  m_TagString: Untagged
  m_Icon: {fileID: 0}
  m_NavMeshLayer: 0
  m_StaticEditorFlags: 0
  m_IsActive: 1
--- !u!4 &4204468817035369
Transform:
  m_CorrespondingSourceObject: {fileID: 0}
  m_PrefabInstance: {fileID: 100100000}
  m_PrefabAsset: {fileID: 0}
  m_GameObject: {fileID: 1653034120866570}
  m_LocalRotation: {x: 0.04452914, y: -0.006246471, z: -0.06025364, w: 0.9971699}
  m_LocalPosition: {x: 0.0004848002, y: 0.001125915, z: -7.299134E-05}
  m_LocalScale: {x: 1, y: 0.9999999, z: 0.9999999}
  m_Children:
  - {fileID: 4857682964605842}
  m_Father: {fileID: 4646456447183975}
  m_RootOrder: 2
  m_LocalEulerAnglesHint: {x: 5.138366, y: 0.4063164, z: 6.933979}
--- !u!1 &1579434289929056
GameObject:
  m_CorrespondingSourceObject: {fileID: 0}
  m_PrefabInstance: {fileID: 100100000}
  m_PrefabAsset: {fileID: 0}
  serializedVersion: 5
  m_Component:
  - component: {fileID: 4857682964605842}
  m_Layer: 0
  m_Name: RightHandPinky2
  m_TagString: Untagged
  m_Icon: {fileID: 0}
  m_NavMeshLayer: 0
  m_StaticEditorFlags: 0
  m_IsActive: 1
--- !u!4 &4857682964605842
Transform:
  m_CorrespondingSourceObject: {fileID: 0}
  m_PrefabInstance: {fileID: 100100000}
  m_PrefabAsset: {fileID: 0}
  m_GameObject: {fileID: 1579434289929056}
  m_LocalRotation: {x: 0.06586828, y: -0.008357838, z: 0.05048659, w: 0.9965153}
  m_LocalPosition: {x: 7.45058E-11, y: 0.0003962569, z: -1.564622E-09}
  m_LocalScale: {x: 0.9999999, y: 1, z: 1}
  m_Children:
  - {fileID: 4656919587115300}
  m_Father: {fileID: 4204468817035369}
  m_RootOrder: 0
  m_LocalEulerAnglesHint: {x: 7.496696, y: 1.335591, z: -5.713104}
--- !u!1 &1203687993790633
GameObject:
  m_CorrespondingSourceObject: {fileID: 0}
  m_PrefabInstance: {fileID: 100100000}
  m_PrefabAsset: {fileID: 0}
  serializedVersion: 5
  m_Component:
  - component: {fileID: 4656919587115300}
  m_Layer: 0
  m_Name: RightHandPinky3
  m_TagString: Untagged
  m_Icon: {fileID: 0}
  m_NavMeshLayer: 0
  m_StaticEditorFlags: 0
  m_IsActive: 1
--- !u!4 &4656919587115300
Transform:
  m_CorrespondingSourceObject: {fileID: 0}
  m_PrefabInstance: {fileID: 100100000}
  m_PrefabAsset: {fileID: 0}
  m_GameObject: {fileID: 1203687993790633}
  m_LocalRotation: {x: 0.01700366, y: -0.001337216, z: -0.06026249, w: 0.9980369}
  m_LocalPosition: {x: -3.72529E-11, y: 0.0002445158, z: 5.215406E-10}
  m_LocalScale: {x: 1, y: 1, z: 1}
  m_Children:
  - {fileID: 4664232218263621}
  m_Father: {fileID: 4857682964605842}
  m_RootOrder: 0
  m_LocalEulerAnglesHint: {x: 1.954264, y: 0.03551283, z: 6.911371}
--- !u!1 &1400914610449233
GameObject:
  m_CorrespondingSourceObject: {fileID: 0}
  m_PrefabInstance: {fileID: 100100000}
  m_PrefabAsset: {fileID: 0}
  serializedVersion: 5
  m_Component:
  - component: {fileID: 4664232218263621}
  m_Layer: 0
  m_Name: RightHandPinky3_end
  m_TagString: Untagged
  m_Icon: {fileID: 0}
  m_NavMeshLayer: 0
  m_StaticEditorFlags: 0
  m_IsActive: 1
--- !u!4 &4664232218263621
Transform:
  m_CorrespondingSourceObject: {fileID: 0}
  m_PrefabInstance: {fileID: 100100000}
  m_PrefabAsset: {fileID: 0}
  m_GameObject: {fileID: 1400914610449233}
  m_LocalRotation: {x: 0, y: 0, z: 0, w: 1}
  m_LocalPosition: {x: 0, y: 0.0003066576, z: 0}
  m_LocalScale: {x: 1, y: 1, z: 1}
  m_Children: []
  m_Father: {fileID: 4656919587115300}
  m_RootOrder: 0
  m_LocalEulerAnglesHint: {x: 0, y: 0, z: 0}
--- !u!1 &1375484815479099
GameObject:
  m_CorrespondingSourceObject: {fileID: 0}
  m_PrefabInstance: {fileID: 100100000}
  m_PrefabAsset: {fileID: 0}
  serializedVersion: 5
  m_Component:
  - component: {fileID: 4304454541403991}
  m_Layer: 0
  m_Name: RightHandRing1
  m_TagString: Untagged
  m_Icon: {fileID: 0}
  m_NavMeshLayer: 0
  m_StaticEditorFlags: 0
  m_IsActive: 1
--- !u!4 &4304454541403991
Transform:
  m_CorrespondingSourceObject: {fileID: 0}
  m_PrefabInstance: {fileID: 100100000}
  m_PrefabAsset: {fileID: 0}
  m_GameObject: {fileID: 1375484815479099}
  m_LocalRotation: {x: -0.02009918, y: -0.0002687908, z: 0.01645699, w: 0.9996625}
  m_LocalPosition: {x: 0.0001754799, y: 0.0012459, z: -3.30409E-05}
  m_LocalScale: {x: 1, y: 1, z: 0.9999999}
  m_Children:
  - {fileID: 4323676487379901}
  m_Father: {fileID: 4646456447183975}
  m_RootOrder: 3
  m_LocalEulerAnglesHint: {x: -2.303547, y: -0.007112929, z: -1.886156}
--- !u!1 &1842672966449471
GameObject:
  m_CorrespondingSourceObject: {fileID: 0}
  m_PrefabInstance: {fileID: 100100000}
  m_PrefabAsset: {fileID: 0}
  serializedVersion: 5
  m_Component:
  - component: {fileID: 4323676487379901}
  m_Layer: 0
  m_Name: RightHandRing2
  m_TagString: Untagged
  m_Icon: {fileID: 0}
  m_NavMeshLayer: 0
  m_StaticEditorFlags: 0
  m_IsActive: 1
--- !u!4 &4323676487379901
Transform:
  m_CorrespondingSourceObject: {fileID: 0}
  m_PrefabInstance: {fileID: 100100000}
  m_PrefabAsset: {fileID: 0}
  m_GameObject: {fileID: 1842672966449471}
  m_LocalRotation: {x: 0.126343, y: 0.006201716, z: -0.008348563, w: 0.9919321}
  m_LocalPosition: {x: -2.328306E-11, y: 0.0004996673, z: -3.818423E-10}
  m_LocalScale: {x: 0.9999999, y: 1, z: 0.9999999}
  m_Children:
  - {fileID: 4114420358520670}
  m_Father: {fileID: 4304454541403991}
  m_RootOrder: 0
  m_LocalEulerAnglesHint: {x: 14.51124, y: -0.8258285, z: 0.8592905}
--- !u!1 &1581052577276939
GameObject:
  m_CorrespondingSourceObject: {fileID: 0}
  m_PrefabInstance: {fileID: 100100000}
  m_PrefabAsset: {fileID: 0}
  serializedVersion: 5
  m_Component:
  - component: {fileID: 4114420358520670}
  m_Layer: 0
  m_Name: RightHandRing3
  m_TagString: Untagged
  m_Icon: {fileID: 0}
  m_NavMeshLayer: 0
  m_StaticEditorFlags: 0
  m_IsActive: 1
--- !u!4 &4114420358520670
Transform:
  m_CorrespondingSourceObject: {fileID: 0}
  m_PrefabInstance: {fileID: 100100000}
  m_PrefabAsset: {fileID: 0}
  m_GameObject: {fileID: 1581052577276939}
  m_LocalRotation: {x: 0.07025932, y: -0.003492803, z: 0.006474868, w: 0.9975016}
  m_LocalPosition: {x: 1.862645E-11, y: 0.0003218378, z: -1.210719E-10}
  m_LocalScale: {x: 1, y: 0.9999999, z: 1}
  m_Children:
  - {fileID: 4096403799832868}
  m_Father: {fileID: 4323676487379901}
  m_RootOrder: 0
  m_LocalEulerAnglesHint: {x: 8.055177, y: 0.4513804, z: -0.712031}
--- !u!1 &1055009104587258
GameObject:
  m_CorrespondingSourceObject: {fileID: 0}
  m_PrefabInstance: {fileID: 100100000}
  m_PrefabAsset: {fileID: 0}
  serializedVersion: 5
  m_Component:
  - component: {fileID: 4096403799832868}
  m_Layer: 0
  m_Name: RightHandRing3_end
  m_TagString: Untagged
  m_Icon: {fileID: 0}
  m_NavMeshLayer: 0
  m_StaticEditorFlags: 0
  m_IsActive: 1
--- !u!4 &4096403799832868
Transform:
  m_CorrespondingSourceObject: {fileID: 0}
  m_PrefabInstance: {fileID: 100100000}
  m_PrefabAsset: {fileID: 0}
  m_GameObject: {fileID: 1055009104587258}
  m_LocalRotation: {x: 0, y: 0, z: 0, w: 1}
  m_LocalPosition: {x: 0, y: 0.0003628631, z: 0}
  m_LocalScale: {x: 1, y: 1, z: 1}
  m_Children: []
  m_Father: {fileID: 4114420358520670}
  m_RootOrder: 0
  m_LocalEulerAnglesHint: {x: 0, y: 0, z: 0}
--- !u!1 &1647385742767552
GameObject:
  m_CorrespondingSourceObject: {fileID: 0}
  m_PrefabInstance: {fileID: 100100000}
  m_PrefabAsset: {fileID: 0}
  serializedVersion: 5
  m_Component:
  - component: {fileID: 4301630034073136}
  m_Layer: 0
  m_Name: RightHandThumb1
  m_TagString: Untagged
  m_Icon: {fileID: 0}
  m_NavMeshLayer: 0
  m_StaticEditorFlags: 0
  m_IsActive: 1
--- !u!4 &4301630034073136
Transform:
  m_CorrespondingSourceObject: {fileID: 0}
  m_PrefabInstance: {fileID: 100100000}
  m_PrefabAsset: {fileID: 0}
  m_GameObject: {fileID: 1647385742767552}
  m_LocalRotation: {x: 0.07079154, y: 0.01780453, z: 0.3140002, w: 0.9466126}
  m_LocalPosition: {x: -0.0004962922, y: 0.000414949, z: 0.0001519261}
  m_LocalScale: {x: 1, y: 0.9999999, z: 1}
  m_Children:
  - {fileID: 4527808511816958}
  m_Father: {fileID: 4646456447183975}
  m_RootOrder: 4
  m_LocalEulerAnglesHint: {x: 8.349669, y: 0.6158913, z: -36.65737}
--- !u!1 &1668971890895911
GameObject:
  m_CorrespondingSourceObject: {fileID: 0}
  m_PrefabInstance: {fileID: 100100000}
  m_PrefabAsset: {fileID: 0}
  serializedVersion: 5
  m_Component:
  - component: {fileID: 4527808511816958}
  m_Layer: 0
  m_Name: RightHandThumb2
  m_TagString: Untagged
  m_Icon: {fileID: 0}
  m_NavMeshLayer: 0
  m_StaticEditorFlags: 0
  m_IsActive: 1
--- !u!4 &4527808511816958
Transform:
  m_CorrespondingSourceObject: {fileID: 0}
  m_PrefabInstance: {fileID: 100100000}
  m_PrefabAsset: {fileID: 0}
  m_GameObject: {fileID: 1668971890895911}
  m_LocalRotation: {x: -0.05537035, y: -0.1904618, z: -0.1333903, w: 0.9710127}
  m_LocalPosition: {x: 1.676381E-10, y: 0.0005678575, z: -6.036134E-10}
  m_LocalScale: {x: 0.9999999, y: 1, z: 0.9999999}
  m_Children:
  - {fileID: 4773900621593301}
  m_Father: {fileID: 4301630034073136}
  m_RootOrder: 0
  m_LocalEulerAnglesHint: {x: -3.522859, y: 22.62222, z: 14.93893}
--- !u!1 &1338412401579278
GameObject:
  m_CorrespondingSourceObject: {fileID: 0}
  m_PrefabInstance: {fileID: 100100000}
  m_PrefabAsset: {fileID: 0}
  serializedVersion: 5
  m_Component:
  - component: {fileID: 4773900621593301}
  m_Layer: 0
  m_Name: RightHandThumb3
  m_TagString: Untagged
  m_Icon: {fileID: 0}
  m_NavMeshLayer: 0
  m_StaticEditorFlags: 0
  m_IsActive: 1
--- !u!4 &4773900621593301
Transform:
  m_CorrespondingSourceObject: {fileID: 0}
  m_PrefabInstance: {fileID: 100100000}
  m_PrefabAsset: {fileID: 0}
  m_GameObject: {fileID: 1338412401579278}
  m_LocalRotation: {x: 0.05808681, y: 0.2374264, z: -0.09560585, w: 0.9649426}
  m_LocalPosition: {x: -2.235174E-10, y: 0.0004628992, z: 2.700835E-10}
  m_LocalScale: {x: 1, y: 1, z: 1}
  m_Children:
  - {fileID: 4958209508264705}
  m_Father: {fileID: 4527808511816958}
  m_RootOrder: 0
  m_LocalEulerAnglesHint: {x: 4.332114, y: -27.98968, z: 10.23653}
--- !u!1 &1391687042503182
GameObject:
  m_CorrespondingSourceObject: {fileID: 0}
  m_PrefabInstance: {fileID: 100100000}
  m_PrefabAsset: {fileID: 0}
  serializedVersion: 5
  m_Component:
  - component: {fileID: 4958209508264705}
  m_Layer: 0
  m_Name: RightHandThumb3_end
  m_TagString: Untagged
  m_Icon: {fileID: 0}
  m_NavMeshLayer: 0
  m_StaticEditorFlags: 0
  m_IsActive: 1
--- !u!4 &4958209508264705
Transform:
  m_CorrespondingSourceObject: {fileID: 0}
  m_PrefabInstance: {fileID: 100100000}
  m_PrefabAsset: {fileID: 0}
  m_GameObject: {fileID: 1391687042503182}
  m_LocalRotation: {x: 0, y: 0, z: 0, w: 1}
  m_LocalPosition: {x: 0, y: 0.0003818432, z: 0}
  m_LocalScale: {x: 1, y: 1, z: 1}
  m_Children: []
  m_Father: {fileID: 4773900621593301}
  m_RootOrder: 0
  m_LocalEulerAnglesHint: {x: 0, y: 0, z: 0}
--- !u!1 &1554017747270078
GameObject:
  m_CorrespondingSourceObject: {fileID: 0}
  m_PrefabInstance: {fileID: 100100000}
  m_PrefabAsset: {fileID: 0}
  serializedVersion: 5
  m_Component:
  - component: {fileID: 4674101101344316}
  - component: {fileID: 137479775736564762}
  m_Layer: 0
  m_Name: beard3
  m_TagString: Untagged
  m_Icon: {fileID: 0}
  m_NavMeshLayer: 0
  m_StaticEditorFlags: 0
  m_IsActive: 1
--- !u!4 &4674101101344316
Transform:
  m_CorrespondingSourceObject: {fileID: 0}
  m_PrefabInstance: {fileID: 100100000}
  m_PrefabAsset: {fileID: 0}
  m_GameObject: {fileID: 1554017747270078}
  m_LocalRotation: {x: -0.7071068, y: 0, z: 0, w: 0.7071068}
  m_LocalPosition: {x: 0, y: 0, z: 0}
  m_LocalScale: {x: 100, y: 100, z: 100}
  m_Children: []
  m_Father: {fileID: 4139189397588428}
  m_RootOrder: 1
  m_LocalEulerAnglesHint: {x: -90, y: 0, z: 0}
--- !u!137 &137479775736564762
SkinnedMeshRenderer:
  m_CorrespondingSourceObject: {fileID: 0}
  m_PrefabInstance: {fileID: 100100000}
  m_PrefabAsset: {fileID: 0}
  m_GameObject: {fileID: 1554017747270078}
  m_Enabled: 1
  m_CastShadows: 1
  m_ReceiveShadows: 1
  m_DynamicOccludee: 1
  m_MotionVectors: 1
  m_LightProbeUsage: 1
  m_ReflectionProbeUsage: 1
  m_RayTracingMode: 0
  m_RenderingLayerMask: 1
  m_RendererPriority: 0
  m_Materials:
  - {fileID: 2100000, guid: b6cd93b7f590ca24ca54af64828065ed, type: 2}
  m_StaticBatchInfo:
    firstSubMesh: 0
    subMeshCount: 0
  m_StaticBatchRoot: {fileID: 0}
  m_ProbeAnchor: {fileID: 0}
  m_LightProbeVolumeOverride: {fileID: 0}
  m_ScaleInLightmap: 1
  m_ReceiveGI: 1
  m_PreserveUVs: 0
  m_IgnoreNormalsForChartDetection: 0
  m_ImportantGI: 0
  m_StitchLightmapSeams: 0
  m_SelectedEditorRenderState: 3
  m_MinimumChartSize: 4
  m_AutoUVMaxDistance: 0.5
  m_AutoUVMaxAngle: 89
  m_LightmapParameters: {fileID: 0}
  m_SortingLayerID: 0
  m_SortingLayer: 0
  m_SortingOrder: 0
  serializedVersion: 2
  m_Quality: 0
  m_UpdateWhenOffscreen: 0
  m_skinnedMotionVectors: 1
  m_Mesh: {fileID: 4300000, guid: f67668e78e327b74daa84ac6bfdc7d84, type: 2}
  m_Bones:
  - {fileID: 4225468340585582}
  - {fileID: 4091214467732137}
  - {fileID: 4056027565953545}
  - {fileID: 4871897569693008}
  - {fileID: 4518584421808881}
  - {fileID: 4957925146914207}
  - {fileID: 4648361231213952}
  - {fileID: 4482157931458166}
  - {fileID: 4070027923469516}
  - {fileID: 4585079069366161}
  - {fileID: 4028755092780702}
  - {fileID: 4369151118592651}
  - {fileID: 4891983591105013}
  - {fileID: 4070053801406352}
  - {fileID: 4621404366890509}
  - {fileID: 4732618286302456}
  - {fileID: 4112670890320446}
  - {fileID: 4244355702761550}
  - {fileID: 4973147613361818}
  - {fileID: 4331553076022511}
  - {fileID: 4489333967136507}
  - {fileID: 4977042778833513}
  - {fileID: 4886308836297397}
  - {fileID: 4015260953279432}
  - {fileID: 4520169720916449}
  - {fileID: 4712524764169058}
  - {fileID: 4873638306755254}
  - {fileID: 4918861748474681}
  - {fileID: 4838404478868253}
  - {fileID: 4646456447183975}
  - {fileID: 4301630034073136}
  - {fileID: 4527808511816958}
  - {fileID: 4773900621593301}
  - {fileID: 4557628072101748}
  - {fileID: 4106752890846254}
  - {fileID: 4094088202912277}
  - {fileID: 4891903693929224}
  - {fileID: 4506132919971611}
  - {fileID: 4260100319730673}
  - {fileID: 4304454541403991}
  - {fileID: 4323676487379901}
  - {fileID: 4114420358520670}
  - {fileID: 4204468817035369}
  - {fileID: 4857682964605842}
  - {fileID: 4656919587115300}
  - {fileID: 4722792135693540}
  - {fileID: 4020367287591669}
  - {fileID: 4098053704950299}
  - {fileID: 4403789409776323}
  - {fileID: 4995870897548981}
  - {fileID: 4327915548365647}
  - {fileID: 4116249393343696}
  - {fileID: 4045179889084809}
  m_BlendShapeWeights: []
  m_RootBone: {fileID: 4225468340585582}
  m_AABB:
    m_Center: {x: 6.984919E-10, y: 0.008338802, z: 0.001027259}
    m_Extent: {x: 0.0008423524, y: 0.0009664819, z: 0.001049429}
  m_DirtyAABB: 0
