%YAML 1.1
%TAG !u! tag:unity3d.com,2011:
--- !u!1001 &100100000
PrefabInstance:
  serializedVersion: 2
  m_RootGameObject: {fileID: 1589400718559791}
  m_Modification:
    m_TransformParent: {fileID: 0}
    m_Modifications: []
    m_RemovedComponents: []
  m_SourcePrefab: {fileID: 0}
--- !u!1 &1589400718559791
GameObject:
  m_CorrespondingSourceObject: {fileID: 0}
  m_PrefabInstance: {fileID: 100100000}
  m_PrefabAsset: {fileID: 0}
  serializedVersion: 5
  m_Component:
  - component: {fileID: 4772985817343266}
  - component: {fileID: 114577859324653926}
  - component: {fileID: 114699182732711526}
  - component: {fileID: 114807707693224953}
  - component: {fileID: 114221787150178910}
  - component: {fileID: 114085234172203139}
  - component: {fileID: 135550269908574559}
  - component: {fileID: 205787414696774910}
  - component: {fileID: 114122933886262043}
  m_Layer: 18
  m_Name: Crow
  m_TagString: spawned
  m_Icon: {fileID: 0}
  m_NavMeshLayer: 0
  m_StaticEditorFlags: 0
  m_IsActive: 1
--- !u!4 &4772985817343266
Transform:
  m_CorrespondingSourceObject: {fileID: 0}
  m_PrefabInstance: {fileID: 100100000}
  m_PrefabAsset: {fileID: 0}
  m_GameObject: {fileID: 1589400718559791}
  m_LocalRotation: {x: 0, y: 0, z: 0, w: 1}
  m_LocalPosition: {x: 0, y: 50, z: 0}
  m_LocalScale: {x: 1, y: 1, z: 1}
  m_Children:
  - {fileID: 4950876252254481}
  - {fileID: 4103217577013907}
  m_Father: {fileID: 0}
  m_RootOrder: 0
  m_LocalEulerAnglesHint: {x: 0, y: 0, z: 0}
--- !u!114 &114577859324653926
MonoBehaviour:
  m_CorrespondingSourceObject: {fileID: 0}
  m_PrefabInstance: {fileID: 100100000}
  m_PrefabAsset: {fileID: 0}
  m_GameObject: {fileID: 1589400718559791}
  m_Enabled: 1
  m_EditorHideFlags: 0
  m_Script: {fileID: 11500000, guid: bb46e4fa40bd6474894556e201a950cb, type: 3}
  m_Name:
  m_EditorClassIdentifier:
  m_flyRange: 20
  m_minAlt: 15
  m_maxAlt: 20
  m_speed: 15
  m_turnRate: 60
  m_wpDuration: 4
  m_flapDuration: 2
  m_sailDuration: 1.5
  m_landChance: 0.2
  m_landDuration: 10
  m_avoidDangerDistance: 8
  m_noRandomFlightAtNight: 1
  m_randomNoiseIntervalMin: 5
  m_randomNoiseIntervalMax: 10
  m_noNoiseAtNight: 1
  m_randomNoise:
    m_effectPrefabs:
    - m_prefab: {fileID: 1296382387817147, guid: 4ced5f11ef1d2f64c933a145884e2972, type: 2}
      m_enabled: 1
      m_variant: -1
      m_attach: 1
      m_inheritParentRotation: 0
      m_inheritParentScale: 0
      m_randomRotation: 0
      m_scale: 0
      m_childTransform:
  m_flyingModel: {fileID: 1545705783985115}
  m_landedModel: {fileID: 1770753426899983}
--- !u!114 &114699182732711526
MonoBehaviour:
  m_CorrespondingSourceObject: {fileID: 0}
  m_PrefabInstance: {fileID: 100100000}
  m_PrefabAsset: {fileID: 0}
  m_GameObject: {fileID: 1589400718559791}
  m_Enabled: 1
  m_EditorHideFlags: 0
  m_Script: {fileID: 11500000, guid: 8d13d63090ca3f942b327ae131eec5a0, type: 3}
  m_Name:
  m_EditorClassIdentifier:
  m_persistent: 1
  m_distant: 0
  m_type: 0
  m_syncInitialScale: 0
--- !u!114 &114807707693224953
MonoBehaviour:
  m_CorrespondingSourceObject: {fileID: 0}
  m_PrefabInstance: {fileID: 100100000}
  m_PrefabAsset: {fileID: 0}
  m_GameObject: {fileID: 1589400718559791}
  m_Enabled: 1
  m_EditorHideFlags: 0
  m_Script: {fileID: 11500000, guid: 11e1576937b9e9341b3d0ceb138d6e14, type: 3}
  m_Name:
  m_EditorClassIdentifier:
  m_syncPosition: 1
  m_syncRotation: 1
  m_syncScale: 0
  m_syncBodyVelocity: 0
  m_characterParentSync: 0
--- !u!114 &114221787150178910
MonoBehaviour:
  m_CorrespondingSourceObject: {fileID: 0}
  m_PrefabInstance: {fileID: 100100000}
  m_PrefabAsset: {fileID: 0}
  m_GameObject: {fileID: 1589400718559791}
  m_Enabled: 1
  m_EditorHideFlags: 0
  m_Script: {fileID: 11500000, guid: a802ec82669cda048b5675bd0f37c1c5, type: 3}
  m_Name:
  m_EditorClassIdentifier:
  m_syncBools:
  - flapping
  m_syncFloats: []
  m_syncInts: []
  m_smoothCharacterSpeeds: 0
--- !u!114 &114085234172203139
MonoBehaviour:
  m_CorrespondingSourceObject: {fileID: 0}
  m_PrefabInstance: {fileID: 100100000}
  m_PrefabAsset: {fileID: 0}
  m_GameObject: {fileID: 1589400718559791}
  m_Enabled: 1
  m_EditorHideFlags: 0
  m_Script: {fileID: 11500000, guid: 2f8aac280e7d38d4293fefec606f14a6, type: 3}
  m_Name:
  m_EditorClassIdentifier:
  m_destructibleType: 1
  m_health: 1
  m_damages:
    m_blunt: 0
    m_slash: 0
    m_pierce: 0
    m_chop: 0
    m_pickaxe: 0
    m_fire: 0
    m_frost: 0
    m_lightning: 0
    m_poison: 0
    m_spirit: 0
  m_minDamageTreshold: 0
  m_minToolTier: 0
  m_hitNoise: 0
  m_destroyNoise: 0
  m_ttl: 0
  m_spawnWhenDestroyed: {fileID: 0}
  m_destroyedEffect:
    m_effectPrefabs:
    - m_prefab: {fileID: 1867158997626923, guid: 55c4b212fdb474c4091db4260d9bfcda, type: 2}
      m_enabled: 1
      m_variant: -1
      m_attach: 0
      m_inheritParentRotation: 0
      m_inheritParentScale: 0
      m_randomRotation: 0
      m_scale: 0
      m_childTransform:
    - m_prefab: {fileID: 1805462246335213, guid: 59b075d1bf9500a42a3b706b91f678fa, type: 2}
      m_enabled: 1
      m_variant: -1
      m_attach: 0
      m_inheritParentRotation: 0
      m_inheritParentScale: 0
      m_randomRotation: 0
      m_scale: 0
      m_childTransform:
  m_hitEffect:
    m_effectPrefabs: []
  m_autoCreateFragments: 0
--- !u!135 &135550269908574559
SphereCollider:
  m_CorrespondingSourceObject: {fileID: 0}
  m_PrefabInstance: {fileID: 100100000}
  m_PrefabAsset: {fileID: 0}
  m_GameObject: {fileID: 1589400718559791}
  m_Material: {fileID: 0}
  m_IsTrigger: 0
  m_Enabled: 1
  serializedVersion: 2
  m_Radius: 0.5
  m_Center: {x: 0, y: 0.56, z: 0}
--- !u!205 &205787414696774910
LODGroup:
  m_CorrespondingSourceObject: {fileID: 0}
  m_PrefabInstance: {fileID: 100100000}
  m_PrefabAsset: {fileID: 0}
  m_GameObject: {fileID: 1589400718559791}
  serializedVersion: 2
  m_LocalReferencePoint: {x: -0.05872917, y: 1.066776, z: -0.004986286}
  m_Size: 3.63639
  m_FadeMode: 1
  m_AnimateCrossFading: 1
  m_LastLODIsBillboard: 0
  m_LODs:
  - screenRelativeHeight: 0.05143436
    fadeTransitionWidth: 0
    renderers:
    - renderer: {fileID: 137099131133792682}
    - renderer: {fileID: 23156667318441923}
  m_Enabled: 1
--- !u!114 &114122933886262043
MonoBehaviour:
  m_CorrespondingSourceObject: {fileID: 0}
  m_PrefabInstance: {fileID: 100100000}
  m_PrefabAsset: {fileID: 0}
  m_GameObject: {fileID: 1589400718559791}
  m_Enabled: 1
  m_EditorHideFlags: 0
  m_Script: {fileID: 11500000, guid: 7879199b7ca3b04408f73b6c14ea3cfd, type: 3}
  m_Name:
  m_EditorClassIdentifier:
  m_dropWhenDestroyed:
    m_drops:
    - m_item: {fileID: 1432596281833155, guid: 467871e92b2832a4b8848c0721961784, type: 2}
      m_stackMin: 3
      m_stackMax: 3
      m_weight: 1
    m_dropMin: 1
    m_dropMax: 1
    m_dropChance: 1
    m_oneOfEach: 0
  m_spawnYOffset: 0.5
  m_spawnYStep: 0.3
--- !u!1 &1545705783985115
GameObject:
  m_CorrespondingSourceObject: {fileID: 0}
  m_PrefabInstance: {fileID: 100100000}
  m_PrefabAsset: {fileID: 0}
  serializedVersion: 5
  m_Component:
  - component: {fileID: 4950876252254481}
  - component: {fileID: 95611436646712080}
  m_Layer: 0
  m_Name: crow_anim
  m_TagString: Untagged
  m_Icon: {fileID: 0}
  m_NavMeshLayer: 0
  m_StaticEditorFlags: 0
  m_IsActive: 1
--- !u!4 &4950876252254481
Transform:
  m_CorrespondingSourceObject: {fileID: 0}
  m_PrefabInstance: {fileID: 100100000}
  m_PrefabAsset: {fileID: 0}
  m_GameObject: {fileID: 1545705783985115}
  m_LocalRotation: {x: 0, y: 1, z: 0, w: 0}
  m_LocalPosition: {x: 0, y: 0.529, z: 0.115}
  m_LocalScale: {x: 0.75, y: 0.75, z: 0.75}
  m_Children:
  - {fileID: 4937974344059656}
  - {fileID: 4216462116251667}
  m_Father: {fileID: 4772985817343266}
  m_RootOrder: 0
  m_LocalEulerAnglesHint: {x: 180, y: 0, z: -180}
--- !u!95 &95611436646712080
Animator:
  serializedVersion: 3
  m_CorrespondingSourceObject: {fileID: 0}
  m_PrefabInstance: {fileID: 100100000}
  m_PrefabAsset: {fileID: 0}
  m_GameObject: {fileID: 1545705783985115}
  m_Enabled: 1
  m_Avatar: {fileID: 9000000, guid: 976afafa602d52146b345dd43a6ecfd5, type: 2}
  m_Controller: {fileID: 9100000, guid: 7e4cc7f6a7eea32458a6eb2ee6ecc4c2, type: 2}
  m_CullingMode: 2
  m_UpdateMode: 0
  m_ApplyRootMotion: 0
  m_LinearVelocityBlending: 0
  m_WarningMessage:
  m_HasTransformHierarchy: 1
  m_AllowConstantClipSamplingOptimization: 1
  m_KeepAnimatorControllerStateOnDisable: 0
--- !u!1 &1877543484735239
GameObject:
  m_CorrespondingSourceObject: {fileID: 0}
  m_PrefabInstance: {fileID: 100100000}
  m_PrefabAsset: {fileID: 0}
  serializedVersion: 5
  m_Component:
  - component: {fileID: 4937974344059656}
  m_Layer: 0
  m_Name: Armature
  m_TagString: Untagged
  m_Icon: {fileID: 0}
  m_NavMeshLayer: 0
  m_StaticEditorFlags: 0
  m_IsActive: 1
--- !u!4 &4937974344059656
Transform:
  m_CorrespondingSourceObject: {fileID: 0}
  m_PrefabInstance: {fileID: 100100000}
  m_PrefabAsset: {fileID: 0}
  m_GameObject: {fileID: 1877543484735239}
  m_LocalRotation: {x: -0.7071068, y: 0, z: 0, w: 0.7071068}
  m_LocalPosition: {x: 0, y: 0, z: 0}
  m_LocalScale: {x: 100, y: 100, z: 100}
  m_Children:
  - {fileID: 4102272504502819}
  - {fileID: 4401935549537424}
  - {fileID: 4116081954532171}
  - {fileID: 4022728569681015}
  m_Father: {fileID: 4950876252254481}
  m_RootOrder: 0
  m_LocalEulerAnglesHint: {x: -90, y: 0, z: 0}
--- !u!1 &1617975955412037
GameObject:
  m_CorrespondingSourceObject: {fileID: 0}
  m_PrefabInstance: {fileID: 100100000}
  m_PrefabAsset: {fileID: 0}
  serializedVersion: 5
  m_Component:
  - component: {fileID: 4102272504502819}
  m_Layer: 0
  m_Name: Bone
  m_TagString: Untagged
  m_Icon: {fileID: 0}
  m_NavMeshLayer: 0
  m_StaticEditorFlags: 0
  m_IsActive: 1
--- !u!4 &4102272504502819
Transform:
  m_CorrespondingSourceObject: {fileID: 0}
  m_PrefabInstance: {fileID: 100100000}
  m_PrefabAsset: {fileID: 0}
  m_GameObject: {fileID: 1617975955412037}
  m_LocalRotation: {x: 0.03678202, y: 0, z: 0, w: 0.9993233}
  m_LocalPosition: {x: 0, y: -0.003970141, z: 0}
  m_LocalScale: {x: 1, y: 1, z: 1}
  m_Children:
  - {fileID: 4006755662733662}
  m_Father: {fileID: 4937974344059656}
  m_RootOrder: 0
  m_LocalEulerAnglesHint: {x: 4.21586, y: 0, z: 0}
--- !u!1 &1279710882606997
GameObject:
  m_CorrespondingSourceObject: {fileID: 0}
  m_PrefabInstance: {fileID: 100100000}
  m_PrefabAsset: {fileID: 0}
  serializedVersion: 5
  m_Component:
  - component: {fileID: 4006755662733662}
  m_Layer: 0
  m_Name: Bone_end
  m_TagString: Untagged
  m_Icon: {fileID: 0}
  m_NavMeshLayer: 0
  m_StaticEditorFlags: 0
  m_IsActive: 1
--- !u!4 &4006755662733662
Transform:
  m_CorrespondingSourceObject: {fileID: 0}
  m_PrefabInstance: {fileID: 100100000}
  m_PrefabAsset: {fileID: 0}
  m_GameObject: {fileID: 1279710882606997}
  m_LocalRotation: {x: 0, y: 0, z: 0, w: 1}
  m_LocalPosition: {x: 0, y: 0.009306659, z: 0}
  m_LocalScale: {x: 1, y: 1, z: 1}
  m_Children: []
  m_Father: {fileID: 4102272504502819}
  m_RootOrder: 0
  m_LocalEulerAnglesHint: {x: 0, y: 0, z: 0}
--- !u!1 &1158992630347557
GameObject:
  m_CorrespondingSourceObject: {fileID: 0}
  m_PrefabInstance: {fileID: 100100000}
  m_PrefabAsset: {fileID: 0}
  serializedVersion: 5
  m_Component:
  - component: {fileID: 4401935549537424}
  m_Layer: 0
  m_Name: Bone.003
  m_TagString: Untagged
  m_Icon: {fileID: 0}
  m_NavMeshLayer: 0
  m_StaticEditorFlags: 0
  m_IsActive: 1
--- !u!4 &4401935549537424
Transform:
  m_CorrespondingSourceObject: {fileID: 0}
  m_PrefabInstance: {fileID: 100100000}
  m_PrefabAsset: {fileID: 0}
  m_GameObject: {fileID: 1158992630347557}
  m_LocalRotation: {x: 0, y: 0, z: 1, w: -6.123234E-17}
  m_LocalPosition: {x: 0, y: -0.003970141, z: 0}
  m_LocalScale: {x: 1, y: 1, z: 1}
  m_Children:
  - {fileID: 4062308008433329}
  m_Father: {fileID: 4937974344059656}
  m_RootOrder: 1
  m_LocalEulerAnglesHint: {x: 0, y: 0, z: 180}
--- !u!1 &1742298753143953
GameObject:
  m_CorrespondingSourceObject: {fileID: 0}
  m_PrefabInstance: {fileID: 100100000}
  m_PrefabAsset: {fileID: 0}
  serializedVersion: 5
  m_Component:
  - component: {fileID: 4062308008433329}
  m_Layer: 0
  m_Name: Bone.003_end
  m_TagString: Untagged
  m_Icon: {fileID: 0}
  m_NavMeshLayer: 0
  m_StaticEditorFlags: 0
  m_IsActive: 1
--- !u!4 &4062308008433329
Transform:
  m_CorrespondingSourceObject: {fileID: 0}
  m_PrefabInstance: {fileID: 100100000}
  m_PrefabAsset: {fileID: 0}
  m_GameObject: {fileID: 1742298753143953}
  m_LocalRotation: {x: 0, y: 0, z: 0, w: 1}
  m_LocalPosition: {x: 0, y: 0.007915641, z: 0}
  m_LocalScale: {x: 1, y: 1, z: 1}
  m_Children: []
  m_Father: {fileID: 4401935549537424}
  m_RootOrder: 0
  m_LocalEulerAnglesHint: {x: 0, y: 0, z: 0}
--- !u!1 &1376073457066623
GameObject:
  m_CorrespondingSourceObject: {fileID: 0}
  m_PrefabInstance: {fileID: 100100000}
  m_PrefabAsset: {fileID: 0}
  serializedVersion: 5
  m_Component:
  - component: {fileID: 4116081954532171}
  m_Layer: 0
  m_Name: l_wing1
  m_TagString: Untagged
  m_Icon: {fileID: 0}
  m_NavMeshLayer: 0
  m_StaticEditorFlags: 0
  m_IsActive: 1
--- !u!4 &4116081954532171
Transform:
  m_CorrespondingSourceObject: {fileID: 0}
  m_PrefabInstance: {fileID: 100100000}
  m_PrefabAsset: {fileID: 0}
  m_GameObject: {fileID: 1376073457066623}
  m_LocalRotation: {x: 0.3208964, y: -0.3669889, z: -0.5708269, w: 0.6606824}
  m_LocalPosition: {x: 0, y: -0.003970141, z: 0}
  m_LocalScale: {x: 0.9999999, y: 1, z: 1}
  m_Children:
  - {fileID: 4223241273648562}
  m_Father: {fileID: 4937974344059656}
  m_RootOrder: 2
  m_LocalEulerAnglesHint: {x: 58.10143, y: 6.809785, z: 85.43945}
--- !u!1 &1012402892254460
GameObject:
  m_CorrespondingSourceObject: {fileID: 0}
  m_PrefabInstance: {fileID: 100100000}
  m_PrefabAsset: {fileID: 0}
  serializedVersion: 5
  m_Component:
  - component: {fileID: 4223241273648562}
  m_Layer: 0
  m_Name: l_wing2
  m_TagString: Untagged
  m_Icon: {fileID: 0}
  m_NavMeshLayer: 0
  m_StaticEditorFlags: 0
  m_IsActive: 1
--- !u!4 &4223241273648562
Transform:
  m_CorrespondingSourceObject: {fileID: 0}
  m_PrefabInstance: {fileID: 100100000}
  m_PrefabAsset: {fileID: 0}
  m_GameObject: {fileID: 1012402892254460}
  m_LocalRotation: {x: 0.02223991, y: -0.006971187, z: -0.07998075, w: 0.9965239}
  m_LocalPosition: {x: 9.313225E-11, y: 0.00668172, z: 1.362059E-10}
  m_LocalScale: {x: 1, y: 1, z: 0.9999999}
  m_Children:
  - {fileID: 4656292692945783}
  m_Father: {fileID: 4116081954532171}
  m_RootOrder: 0
  m_LocalEulerAnglesHint: {x: 2.604575, y: 0.5922414, z: 9.190879}
--- !u!1 &1036715617108877
GameObject:
  m_CorrespondingSourceObject: {fileID: 0}
  m_PrefabInstance: {fileID: 100100000}
  m_PrefabAsset: {fileID: 0}
  serializedVersion: 5
  m_Component:
  - component: {fileID: 4656292692945783}
  m_Layer: 0
  m_Name: l_wing2_end
  m_TagString: Untagged
  m_Icon: {fileID: 0}
  m_NavMeshLayer: 0
  m_StaticEditorFlags: 0
  m_IsActive: 1
--- !u!4 &4656292692945783
Transform:
  m_CorrespondingSourceObject: {fileID: 0}
  m_PrefabInstance: {fileID: 100100000}
  m_PrefabAsset: {fileID: 0}
  m_GameObject: {fileID: 1036715617108877}
  m_LocalRotation: {x: 0, y: 0, z: 0, w: 1}
  m_LocalPosition: {x: 0, y: 0.008779202, z: 0}
  m_LocalScale: {x: 1, y: 1, z: 1}
  m_Children: []
  m_Father: {fileID: 4223241273648562}
  m_RootOrder: 0
  m_LocalEulerAnglesHint: {x: 0, y: 0, z: 0}
--- !u!1 &1606659809049722
GameObject:
  m_CorrespondingSourceObject: {fileID: 0}
  m_PrefabInstance: {fileID: 100100000}
  m_PrefabAsset: {fileID: 0}
  serializedVersion: 5
  m_Component:
  - component: {fileID: 4022728569681015}
  m_Layer: 0
  m_Name: r_wing1
  m_TagString: Untagged
  m_Icon: {fileID: 0}
  m_NavMeshLayer: 0
  m_StaticEditorFlags: 0
  m_IsActive: 1
--- !u!4 &4022728569681015
Transform:
  m_CorrespondingSourceObject: {fileID: 0}
  m_PrefabInstance: {fileID: 100100000}
  m_PrefabAsset: {fileID: 0}
  m_GameObject: {fileID: 1606659809049722}
  m_LocalRotation: {x: 0.3063079, y: 0.3539799, z: 0.5778397, w: 0.668562}
  m_LocalPosition: {x: 0, y: -0.003970141, z: 0}
  m_LocalScale: {x: 1, y: 1, z: 1}
  m_Children:
  - {fileID: 4087914778415463}
  m_Father: {fileID: 4937974344059656}
  m_RootOrder: 3
  m_LocalEulerAnglesHint: {x: 55.54285, y: -6.852934, z: -85.28575}
--- !u!1 &1109270795317980
GameObject:
  m_CorrespondingSourceObject: {fileID: 0}
  m_PrefabInstance: {fileID: 100100000}
  m_PrefabAsset: {fileID: 0}
  serializedVersion: 5
  m_Component:
  - component: {fileID: 4087914778415463}
  m_Layer: 0
  m_Name: r_wing2
  m_TagString: Untagged
  m_Icon: {fileID: 0}
  m_NavMeshLayer: 0
  m_StaticEditorFlags: 0
  m_IsActive: 1
--- !u!4 &4087914778415463
Transform:
  m_CorrespondingSourceObject: {fileID: 0}
  m_PrefabInstance: {fileID: 100100000}
  m_PrefabAsset: {fileID: 0}
  m_GameObject: {fileID: 1109270795317980}
  m_LocalRotation: {x: 0.02171298, y: 0.002282175, z: 0.08802065, w: 0.9958794}
  m_LocalPosition: {x: 1.862645E-11, y: 0.006762965, z: -3.822788E-10}
  m_LocalScale: {x: 1, y: 0.9999999, z: 0.9999999}
  m_Children:
  - {fileID: 4848469463944102}
  m_Father: {fileID: 4022728569681015}
  m_RootOrder: 0
  m_LocalEulerAnglesHint: {x: 2.501686, y: -0.04143408, z: -10.10281}
--- !u!1 &1598620739593179
GameObject:
  m_CorrespondingSourceObject: {fileID: 0}
  m_PrefabInstance: {fileID: 100100000}
  m_PrefabAsset: {fileID: 0}
  serializedVersion: 5
  m_Component:
  - component: {fileID: 4848469463944102}
  m_Layer: 0
  m_Name: r_wing2_end
  m_TagString: Untagged
  m_Icon: {fileID: 0}
  m_NavMeshLayer: 0
  m_StaticEditorFlags: 0
  m_IsActive: 1
--- !u!4 &4848469463944102
Transform:
  m_CorrespondingSourceObject: {fileID: 0}
  m_PrefabInstance: {fileID: 100100000}
  m_PrefabAsset: {fileID: 0}
  m_GameObject: {fileID: 1598620739593179}
  m_LocalRotation: {x: 0, y: 0, z: 0, w: 1}
  m_LocalPosition: {x: 0, y: 0.009024905, z: 0}
  m_LocalScale: {x: 1, y: 1, z: 1}
  m_Children: []
  m_Father: {fileID: 4087914778415463}
  m_RootOrder: 0
  m_LocalEulerAnglesHint: {x: 0, y: 0, z: 0}
--- !u!1 &1781978198800262
GameObject:
  m_CorrespondingSourceObject: {fileID: 0}
  m_PrefabInstance: {fileID: 100100000}
  m_PrefabAsset: {fileID: 0}
  serializedVersion: 5
  m_Component:
  - component: {fileID: 4216462116251667}
  - component: {fileID: 137099131133792682}
  m_Layer: 0
  m_Name: Cube.001
  m_TagString: Untagged
  m_Icon: {fileID: 0}
  m_NavMeshLayer: 0
  m_StaticEditorFlags: 0
  m_IsActive: 1
--- !u!4 &4216462116251667
Transform:
  m_CorrespondingSourceObject: {fileID: 0}
  m_PrefabInstance: {fileID: 100100000}
  m_PrefabAsset: {fileID: 0}
  m_GameObject: {fileID: 1781978198800262}
  m_LocalRotation: {x: 0.9119413, y: 0, z: 0, w: -0.4103206}
  m_LocalPosition: {x: 0, y: 0.2698838, z: 0}
  m_LocalScale: {x: 100, y: 100, z: 100}
  m_Children: []
  m_Father: {fileID: 4950876252254481}
  m_RootOrder: 1
  m_LocalEulerAnglesHint: {x: -131.55, y: 0, z: 0}
--- !u!137 &137099131133792682
SkinnedMeshRenderer:
  m_CorrespondingSourceObject: {fileID: 0}
  m_PrefabInstance: {fileID: 100100000}
  m_PrefabAsset: {fileID: 0}
  m_GameObject: {fileID: 1781978198800262}
  m_Enabled: 1
  m_CastShadows: 1
  m_ReceiveShadows: 1
  m_DynamicOccludee: 1
  m_MotionVectors: 1
  m_LightProbeUsage: 1
  m_ReflectionProbeUsage: 1
  m_RayTracingMode: 0
  m_RenderingLayerMask: 1
  m_RendererPriority: 0
  m_Materials:
  - {fileID: 2100000, guid: 4ef8e99366d80f04fba649cded1fd6f0, type: 2}
  m_StaticBatchInfo:
    firstSubMesh: 0
    subMeshCount: 0
  m_StaticBatchRoot: {fileID: 0}
  m_ProbeAnchor: {fileID: 0}
  m_LightProbeVolumeOverride: {fileID: 0}
  m_ScaleInLightmap: 1
  m_ReceiveGI: 1
  m_PreserveUVs: 0
  m_IgnoreNormalsForChartDetection: 0
  m_ImportantGI: 0
  m_StitchLightmapSeams: 0
  m_SelectedEditorRenderState: 3
  m_MinimumChartSize: 4
  m_AutoUVMaxDistance: 0.5
  m_AutoUVMaxAngle: 89
  m_LightmapParameters: {fileID: 0}
  m_SortingLayerID: 0
  m_SortingLayer: 0
  m_SortingOrder: 0
  serializedVersion: 2
  m_Quality: 0
  m_UpdateWhenOffscreen: 0
  m_skinnedMotionVectors: 1
  m_Mesh: {fileID: 4300000, guid: b684b5a524fb5744082c80b6c5451d14, type: 2}
  m_Bones:
  - {fileID: 4102272504502819}
  - {fileID: 4401935549537424}
  - {fileID: 4116081954532171}
  - {fileID: 4223241273648562}
  - {fileID: 4022728569681015}
  - {fileID: 4087914778415463}
  m_BlendShapeWeights: []
  m_RootBone: {fileID: 4022728569681015}
  m_AABB:
    m_Center: {x: 0.00155378, y: 0.005777552, z: 0.004674643}
    m_Extent: {x: 0.01050091, y: 0.01048167, z: 0.009785252}
  m_DirtyAABB: 0
--- !u!1 &1770753426899983
GameObject:
  m_CorrespondingSourceObject: {fileID: 0}
  m_PrefabInstance: {fileID: 100100000}
  m_PrefabAsset: {fileID: 0}
  serializedVersion: 5
  m_Component:
  - component: {fileID: 4103217577013907}
  m_Layer: 0
  m_Name: crow_sitting
  m_TagString: Untagged
  m_Icon: {fileID: 0}
  m_NavMeshLayer: 0
  m_StaticEditorFlags: 0
  m_IsActive: 0
--- !u!4 &4103217577013907
Transform:
  m_CorrespondingSourceObject: {fileID: 0}
  m_PrefabInstance: {fileID: 100100000}
  m_PrefabAsset: {fileID: 0}
  m_GameObject: {fileID: 1770753426899983}
  m_LocalRotation: {x: 0, y: 1, z: 0, w: 0}
  m_LocalPosition: {x: 0, y: 0, z: 0}
  m_LocalScale: {x: 0.75, y: 0.75, z: 0.75}
  m_Children:
  - {fileID: 4623660514547440}
  m_Father: {fileID: 4772985817343266}
  m_RootOrder: 1
  m_LocalEulerAnglesHint: {x: 180, y: 0, z: -180}
--- !u!1 &1306005203434892
GameObject:
  m_CorrespondingSourceObject: {fileID: 0}
  m_PrefabInstance: {fileID: 100100000}
  m_PrefabAsset: {fileID: 0}
  serializedVersion: 5
  m_Component:
  - component: {fileID: 4623660514547440}
  - component: {fileID: 33971078784316435}
  - component: {fileID: 23156667318441923}
  m_Layer: 0
  m_Name: Cube
  m_TagString: Untagged
  m_Icon: {fileID: 0}
  m_NavMeshLayer: 0
  m_StaticEditorFlags: 0
  m_IsActive: 1
--- !u!4 &4623660514547440
Transform:
  m_CorrespondingSourceObject: {fileID: 0}
  m_PrefabInstance: {fileID: 100100000}
  m_PrefabAsset: {fileID: 0}
  m_GameObject: {fileID: 1306005203434892}
  m_LocalRotation: {x: 0, y: 0, z: 0, w: 1}
  m_LocalPosition: {x: 0, y: 0, z: 0}
  m_LocalScale: {x: 1, y: 1, z: 1}
  m_Children: []
  m_Father: {fileID: 4103217577013907}
  m_RootOrder: 0
  m_LocalEulerAnglesHint: {x: 0, y: 0, z: 0}
--- !u!33 &33971078784316435
MeshFilter:
  m_CorrespondingSourceObject: {fileID: 0}
  m_PrefabInstance: {fileID: 100100000}
  m_PrefabAsset: {fileID: 0}
  m_GameObject: {fileID: 1306005203434892}
  m_Mesh: {fileID: 4300000, guid: 25ee63ce993b406459fca170cbb92781, type: 2}
--- !u!23 &23156667318441923
MeshRenderer:
  m_CorrespondingSourceObject: {fileID: 0}
  m_PrefabInstance: {fileID: 100100000}
  m_PrefabAsset: {fileID: 0}
  m_GameObject: {fileID: 1306005203434892}
  m_Enabled: 1
  m_CastShadows: 1
  m_ReceiveShadows: 1
  m_DynamicOccludee: 1
  m_MotionVectors: 1
  m_LightProbeUsage: 1
  m_ReflectionProbeUsage: 1
  m_RayTracingMode: 2
  m_RenderingLayerMask: 1
  m_RendererPriority: 0
  m_Materials:
  - {fileID: 2100000, guid: 4ef8e99366d80f04fba649cded1fd6f0, type: 2}
  m_StaticBatchInfo:
    firstSubMesh: 0
    subMeshCount: 0
  m_StaticBatchRoot: {fileID: 0}
  m_ProbeAnchor: {fileID: 0}
  m_LightProbeVolumeOverride: {fileID: 0}
  m_ScaleInLightmap: 1
  m_ReceiveGI: 1
  m_PreserveUVs: 0
  m_IgnoreNormalsForChartDetection: 0
  m_ImportantGI: 0
  m_StitchLightmapSeams: 0
  m_SelectedEditorRenderState: 3
  m_MinimumChartSize: 4
  m_AutoUVMaxDistance: 0.5
  m_AutoUVMaxAngle: 89
  m_LightmapParameters: {fileID: 0}
  m_SortingLayerID: 0
  m_SortingLayer: 0
  m_SortingOrder: 0
