%YAML 1.1
%TAG !u! tag:unity3d.com,2011:
--- !u!1001 &100100000
PrefabInstance:
  serializedVersion: 2
  m_RootGameObject: {fileID: 1198202088177043}
  m_Modification:
    m_TransformParent: {fileID: 0}
    m_Modifications: []
    m_RemovedComponents: []
  m_SourcePrefab: {fileID: 0}
--- !u!1 &1198202088177043
GameObject:
  m_CorrespondingSourceObject: {fileID: 0}
  m_PrefabInstance: {fileID: 100100000}
  m_PrefabAsset: {fileID: 0}
  serializedVersion: 5
  m_Component:
  - component: {fileID: 4986564008325775}
  - component: {fileID: 114158287252812700}
  - component: {fileID: 114881621441305663}
  - component: {fileID: 114051008641298535}
  m_Layer: 10
  m_Name: darkwood_raven
  m_TagString: Untagged
  m_Icon: {fileID: 0}
  m_NavMeshLayer: 0
  m_StaticEditorFlags: 0
  m_IsActive: 1
--- !u!4 &4986564008325775
Transform:
  m_CorrespondingSourceObject: {fileID: 0}
  m_PrefabInstance: {fileID: 100100000}
  m_PrefabAsset: {fileID: 0}
  m_GameObject: {fileID: 1198202088177043}
  m_LocalRotation: {x: 0, y: 1, z: 0, w: 0}
  m_LocalPosition: {x: 0, y: 51, z: 0}
  m_LocalScale: {x: 1, y: 1, z: 1}
  m_Children:
  - {fileID: 4347869657932345}
  - {fileID: 4920985891831382}
  - {fileID: 4799164949374700}
  - {fileID: 4026511751320332}
  - {fileID: 4147922844689050}
  - {fileID: 4256109761432228}
  - {fileID: 4422415445314581}
  m_Father: {fileID: 0}
  m_RootOrder: 0
  m_LocalEulerAnglesHint: {x: 180, y: 0, z: -180}
--- !u!114 &114158287252812700
MonoBehaviour:
  m_CorrespondingSourceObject: {fileID: 0}
  m_PrefabInstance: {fileID: 100100000}
  m_PrefabAsset: {fileID: 0}
  m_GameObject: {fileID: 1198202088177043}
  m_Enabled: 1
  m_EditorHideFlags: 0
  m_Script: {fileID: 11500000, guid: e64dc9225b089f741ae662be1bf243ce, type: 3}
  m_Name:
  m_EditorClassIdentifier:
  m_primaryTarget: 0
  m_randomTarget: 1
  m_targetNonPlayerBuilt: 1
  m_icon: {fileID: 21300464, guid: 2c13a7d8b899c57499dfb133f02c9ce3, type: 3}
  m_name: $piece_darkwoodraven
  m_description:
  m_enabled: 1
  m_category: 2
  m_isUpgrade: 0
  m_comfort: 0
  m_comfortGroup: 0
  m_comfortObject: {fileID: 0}
  m_groundPiece: 0
  m_allowAltGroundPlacement: 0
  m_groundOnly: 0
  m_cultivatedGroundOnly: 0
  m_waterPiece: 0
  m_clipGround: 0
  m_clipEverything: 0
  m_noInWater: 0
  m_notOnWood: 0
  m_notOnTiltingSurface: 0
  m_inCeilingOnly: 0
  m_notOnFloor: 0
  m_noClipping: 0
  m_onlyInTeleportArea: 0
  m_allowedInDungeons: 0
  m_spaceRequirement: 0
  m_repairPiece: 0
  m_canBeRemoved: 1
  m_allowRotatedOverlap: 0
  m_onlyInBiome: 0
  m_placeEffect:
    m_effectPrefabs:
    - m_prefab: {fileID: 1483418744316522, guid: 32ae623eb48e45c4e8ef226605c69b04, type: 2}
      m_enabled: 1
      m_variant: -1
      m_attach: 0
      m_inheritParentRotation: 0
      m_inheritParentScale: 0
      m_randomRotation: 0
      m_scale: 0
      m_childTransform:
    - m_prefab: {fileID: 1983270808287783, guid: 21ec73d17b1679b4f93c32317d1b145d, type: 2}
      m_enabled: 1
      m_variant: -1
      m_attach: 0
      m_inheritParentRotation: 0
      m_inheritParentScale: 0
      m_randomRotation: 0
      m_scale: 0
      m_childTransform:
  m_dlc:
  m_craftingStation: {fileID: 114482654899726974, guid: 522ee334a40cf9145a21fbca29aa7f81, type: 2}
  m_resources:
  - m_resItem: {fileID: 114334719979847460, guid: 6f54f8fe5c887cf419faa47aefb1fc64, type: 2}
    m_amount: 10
    m_amountPerLevel: 1
    m_recover: 1
  - m_resItem: {fileID: 114301880486149955, guid: 44f9c701575621f47955b88f9746bab4, type: 2}
    m_amount: 1
    m_amountPerLevel: 1
    m_recover: 1
  m_destroyedLootPrefab: {fileID: 0}
--- !u!114 &114881621441305663
MonoBehaviour:
  m_CorrespondingSourceObject: {fileID: 0}
  m_PrefabInstance: {fileID: 100100000}
  m_PrefabAsset: {fileID: 0}
  m_GameObject: {fileID: 1198202088177043}
  m_Enabled: 1
  m_EditorHideFlags: 0
  m_Script: {fileID: 11500000, guid: 8d13d63090ca3f942b327ae131eec5a0, type: 3}
  m_Name:
  m_EditorClassIdentifier:
  m_persistent: 1
  m_distant: 0
  m_type: 2
  m_syncInitialScale: 0
--- !u!114 &114051008641298535
MonoBehaviour:
  m_CorrespondingSourceObject: {fileID: 0}
  m_PrefabInstance: {fileID: 100100000}
  m_PrefabAsset: {fileID: 0}
  m_GameObject: {fileID: 1198202088177043}
  m_Enabled: 1
  m_EditorHideFlags: 0
  m_Script: {fileID: 11500000, guid: 3971d5aeabc92544cb1deab28458dc77, type: 3}
  m_Name:
  m_EditorClassIdentifier:
  m_new: {fileID: 1868052223390328}
  m_worn: {fileID: 1479977059858438}
  m_broken: {fileID: 1648621138955710}
  m_wet: {fileID: 0}
  m_noRoofWear: 0
  m_noSupportWear: 1
  m_materialType: 0
  m_supports: 1
  m_comOffset: {x: 0, y: 0, z: 0}
  m_health: 400
  m_damages:
    m_blunt: 0
    m_slash: 0
    m_pierce: 1
    m_chop: 2
    m_pickaxe: 1
    m_fire: 2
    m_frost: 0
    m_lightning: 0
    m_poison: 3
    m_spirit: 3
  m_hitNoise: 0
  m_destroyNoise: 0
  m_destroyedEffect:
    m_effectPrefabs:
    - m_prefab: {fileID: 1286009061253838, guid: 9410b2e6398ea6845923882b463cadf0, type: 2}
      m_enabled: 1
      m_variant: -1
      m_attach: 0
      m_inheritParentRotation: 0
      m_inheritParentScale: 0
      m_randomRotation: 0
      m_scale: 0
      m_childTransform:
    - m_prefab: {fileID: 1552716516896563, guid: 6489fc8c73610324482f073b1303e44f, type: 2}
      m_enabled: 1
      m_variant: -1
      m_attach: 0
      m_inheritParentRotation: 0
      m_inheritParentScale: 0
      m_randomRotation: 0
      m_scale: 0
      m_childTransform:
  m_hitEffect:
    m_effectPrefabs:
    - m_prefab: {fileID: 1286009061253838, guid: 9410b2e6398ea6845923882b463cadf0, type: 2}
      m_enabled: 1
      m_variant: -1
      m_attach: 0
      m_inheritParentRotation: 0
      m_inheritParentScale: 0
      m_randomRotation: 0
      m_scale: 0
      m_childTransform:
  m_switchEffect:
    m_effectPrefabs:
    - m_prefab: {fileID: 1286009061253838, guid: 9410b2e6398ea6845923882b463cadf0, type: 2}
      m_enabled: 1
      m_variant: -1
      m_attach: 0
      m_inheritParentRotation: 0
      m_inheritParentScale: 0
      m_randomRotation: 0
      m_scale: 0
      m_childTransform:
  m_autoCreateFragments: 1
  m_fragmentRoots: []
--- !u!1 &1298666519973253
GameObject:
  m_CorrespondingSourceObject: {fileID: 0}
  m_PrefabInstance: {fileID: 100100000}
  m_PrefabAsset: {fileID: 0}
  serializedVersion: 5
  m_Component:
  - component: {fileID: 4347869657932345}
  m_Layer: 10
  m_Name: _snappoint
  m_TagString: snappoint
  m_Icon: {fileID: 0}
  m_NavMeshLayer: 0
  m_StaticEditorFlags: 0
  m_IsActive: 0
--- !u!4 &4347869657932345
Transform:
  m_CorrespondingSourceObject: {fileID: 0}
  m_PrefabInstance: {fileID: 100100000}
  m_PrefabAsset: {fileID: 0}
  m_GameObject: {fileID: 1298666519973253}
  m_LocalRotation: {x: 0, y: 0, z: 0, w: 1}
  m_LocalPosition: {x: 0, y: 0, z: 0}
  m_LocalScale: {x: 1, y: 1, z: 1}
  m_Children: []
  m_Father: {fileID: 4986564008325775}
  m_RootOrder: 0
  m_LocalEulerAnglesHint: {x: 0, y: 0, z: 0}
--- !u!1 &1468169895342413
GameObject:
  m_CorrespondingSourceObject: {fileID: 0}
  m_PrefabInstance: {fileID: 100100000}
  m_PrefabAsset: {fileID: 0}
  serializedVersion: 5
  m_Component:
  - component: {fileID: 4920985891831382}
  - component: {fileID: 65442331083050314}
  m_Layer: 10
  m_Name: collider (1)
  m_TagString: leaky
  m_Icon: {fileID: 0}
  m_NavMeshLayer: 0
  m_StaticEditorFlags: 0
  m_IsActive: 1
--- !u!4 &4920985891831382
Transform:
  m_CorrespondingSourceObject: {fileID: 0}
  m_PrefabInstance: {fileID: 100100000}
  m_PrefabAsset: {fileID: 0}
  m_GameObject: {fileID: 1468169895342413}
  m_LocalRotation: {x: 0, y: -8.940697E-08, z: 0, w: 1}
  m_LocalPosition: {x: 0, y: 0, z: 1.35}
  m_LocalScale: {x: 0.4, y: 0.4, z: 2.7}
  m_Children: []
  m_Father: {fileID: 4986564008325775}
  m_RootOrder: 1
  m_LocalEulerAnglesHint: {x: 0, y: 1.024528E-05, z: 0}
--- !u!65 &65442331083050314
BoxCollider:
  m_CorrespondingSourceObject: {fileID: 0}
  m_PrefabInstance: {fileID: 100100000}
  m_PrefabAsset: {fileID: 0}
  m_GameObject: {fileID: 1468169895342413}
  m_Material: {fileID: 0}
  m_IsTrigger: 0
  m_Enabled: 1
  serializedVersion: 2
  m_Size: {x: 1, y: 1, z: 1}
  m_Center: {x: 0, y: 0, z: 0}
--- !u!1 &1974840922848108
GameObject:
  m_CorrespondingSourceObject: {fileID: 0}
  m_PrefabInstance: {fileID: 100100000}
  m_PrefabAsset: {fileID: 0}
  serializedVersion: 5
  m_Component:
  - component: {fileID: 4799164949374700}
  - component: {fileID: 65877971700717313}
  m_Layer: 10
  m_Name: collider (2)
  m_TagString: leaky
  m_Icon: {fileID: 0}
  m_NavMeshLayer: 0
  m_StaticEditorFlags: 0
  m_IsActive: 1
--- !u!4 &4799164949374700
Transform:
  m_CorrespondingSourceObject: {fileID: 0}
  m_PrefabInstance: {fileID: 100100000}
  m_PrefabAsset: {fileID: 0}
  m_GameObject: {fileID: 1974840922848108}
  m_LocalRotation: {x: -0.2595786, y: -8.634226E-08, z: -2.320814E-08, w: 0.965722}
  m_LocalPosition: {x: 0, y: 0.511, z: 1.743}
  m_LocalScale: {x: 0.4238964, y: 0.6681046, z: 1.99954}
  m_Children: []
  m_Father: {fileID: 4986564008325775}
  m_RootOrder: 2
  m_LocalEulerAnglesHint: {x: -30.09012, y: 1.024528E-05, z: 3.17032E-13}
--- !u!65 &65877971700717313
BoxCollider:
  m_CorrespondingSourceObject: {fileID: 0}
  m_PrefabInstance: {fileID: 100100000}
  m_PrefabAsset: {fileID: 0}
  m_GameObject: {fileID: 1974840922848108}
  m_Material: {fileID: 0}
  m_IsTrigger: 0
  m_Enabled: 1
  serializedVersion: 2
  m_Size: {x: 1, y: 0.9012257, z: 0.897967}
  m_Center: {x: -2.581841E-15, y: -0.01714533, z: 0.05101635}
--- !u!1 &1770302055851812
GameObject:
  m_CorrespondingSourceObject: {fileID: 0}
  m_PrefabInstance: {fileID: 100100000}
  m_PrefabAsset: {fileID: 0}
  serializedVersion: 5
  m_Component:
  - component: {fileID: 4026511751320332}
  - component: {fileID: 65163271881844205}
  m_Layer: 10
  m_Name: collider (4)
  m_TagString: leaky
  m_Icon: {fileID: 0}
  m_NavMeshLayer: 0
  m_StaticEditorFlags: 0
  m_IsActive: 1
--- !u!4 &4026511751320332
Transform:
  m_CorrespondingSourceObject: {fileID: 0}
  m_PrefabInstance: {fileID: 100100000}
  m_PrefabAsset: {fileID: 0}
  m_GameObject: {fileID: 1770302055851812}
  m_LocalRotation: {x: 0, y: -8.940697E-08, z: 0, w: 1}
  m_LocalPosition: {x: 0.005, y: 1.044, z: 2.758}
  m_LocalScale: {x: 0.228774, y: 0.3752411, z: 0.6571587}
  m_Children: []
  m_Father: {fileID: 4986564008325775}
  m_RootOrder: 3
  m_LocalEulerAnglesHint: {x: 0, y: 1.024528E-05, z: 0}
--- !u!65 &65163271881844205
BoxCollider:
  m_CorrespondingSourceObject: {fileID: 0}
  m_PrefabInstance: {fileID: 100100000}
  m_PrefabAsset: {fileID: 0}
  m_GameObject: {fileID: 1770302055851812}
  m_Material: {fileID: 0}
  m_IsTrigger: 0
  m_Enabled: 1
  serializedVersion: 2
  m_Size: {x: 1, y: 1, z: 1}
  m_Center: {x: 0, y: 0, z: 0}
--- !u!1 &1868052223390328
GameObject:
  m_CorrespondingSourceObject: {fileID: 0}
  m_PrefabInstance: {fileID: 100100000}
  m_PrefabAsset: {fileID: 0}
  serializedVersion: 5
  m_Component:
  - component: {fileID: 4147922844689050}
  - component: {fileID: 205667015464333316}
  m_Layer: 10
  m_Name: New
  m_TagString: Untagged
  m_Icon: {fileID: 0}
  m_NavMeshLayer: 0
  m_StaticEditorFlags: 0
  m_IsActive: 1
--- !u!4 &4147922844689050
Transform:
  m_CorrespondingSourceObject: {fileID: 0}
  m_PrefabInstance: {fileID: 100100000}
  m_PrefabAsset: {fileID: 0}
  m_GameObject: {fileID: 1868052223390328}
  m_LocalRotation: {x: 0, y: 0, z: 0, w: 1}
  m_LocalPosition: {x: 0, y: -0.148, z: -0.085}
  m_LocalScale: {x: 1, y: 1, z: 1}
  m_Children:
  - {fileID: 4959718005069139}
  - {fileID: 4960106247033649}
  m_Father: {fileID: 4986564008325775}
  m_RootOrder: 4
  m_LocalEulerAnglesHint: {x: 0, y: 0, z: 0}
--- !u!205 &205667015464333316
LODGroup:
  m_CorrespondingSourceObject: {fileID: 0}
  m_PrefabInstance: {fileID: 100100000}
  m_PrefabAsset: {fileID: 0}
  m_GameObject: {fileID: 1868052223390328}
  serializedVersion: 2
  m_LocalReferencePoint: {x: 0.0008164197, y: 0.6390235, z: 1.682932}
  m_Size: 3.168126
  m_FadeMode: 0
  m_AnimateCrossFading: 0
  m_LastLODIsBillboard: 0
  m_LODs:
  - screenRelativeHeight: 0.1010816
    fadeTransitionWidth: 0
    renderers:
    - renderer: {fileID: 23164218537965771}
  - screenRelativeHeight: 0.02654774
    fadeTransitionWidth: 0
    renderers:
    - renderer: {fileID: 23497880706916658}
  m_Enabled: 1
--- !u!1 &1161771332079390
GameObject:
  m_CorrespondingSourceObject: {fileID: 0}
  m_PrefabInstance: {fileID: 100100000}
  m_PrefabAsset: {fileID: 0}
  serializedVersion: 5
  m_Component:
  - component: {fileID: 4959718005069139}
  - component: {fileID: 33778466040009659}
  - component: {fileID: 23164218537965771}
  m_Layer: 10
  m_Name: default
  m_TagString: Untagged
  m_Icon: {fileID: 0}
  m_NavMeshLayer: 0
  m_StaticEditorFlags: 0
  m_IsActive: 1
--- !u!4 &4959718005069139
Transform:
  m_CorrespondingSourceObject: {fileID: 0}
  m_PrefabInstance: {fileID: 100100000}
  m_PrefabAsset: {fileID: 0}
  m_GameObject: {fileID: 1161771332079390}
  m_LocalRotation: {x: 0, y: 0.7071068, z: 0, w: -0.7071068}
  m_LocalPosition: {x: 0, y: 0, z: 1.1}
  m_LocalScale: {x: 1, y: 1, z: 1}
  m_Children: []
  m_Father: {fileID: 4147922844689050}
  m_RootOrder: 0
  m_LocalEulerAnglesHint: {x: 0, y: 90, z: 0}
--- !u!33 &33778466040009659
MeshFilter:
  m_CorrespondingSourceObject: {fileID: 0}
  m_PrefabInstance: {fileID: 100100000}
  m_PrefabAsset: {fileID: 0}
  m_GameObject: {fileID: 1161771332079390}
  m_Mesh: {fileID: 4300000, guid: e67947c717b957840ac98dad2660c542, type: 2}
--- !u!23 &23164218537965771
MeshRenderer:
  m_CorrespondingSourceObject: {fileID: 0}
  m_PrefabInstance: {fileID: 100100000}
  m_PrefabAsset: {fileID: 0}
  m_GameObject: {fileID: 1161771332079390}
  m_Enabled: 1
  m_CastShadows: 1
  m_ReceiveShadows: 1
  m_DynamicOccludee: 1
  m_MotionVectors: 1
  m_LightProbeUsage: 1
  m_ReflectionProbeUsage: 1
  m_RayTracingMode: 2
  m_RenderingLayerMask: 1
  m_RendererPriority: 0
  m_Materials:
  - {fileID: 2100000, guid: 35ab17c76a3aa6342b71ef9885de0664, type: 2}
  m_StaticBatchInfo:
    firstSubMesh: 0
    subMeshCount: 0
  m_StaticBatchRoot: {fileID: 0}
  m_ProbeAnchor: {fileID: 0}
  m_LightProbeVolumeOverride: {fileID: 0}
  m_ScaleInLightmap: 1
  m_ReceiveGI: 1
  m_PreserveUVs: 0
  m_IgnoreNormalsForChartDetection: 0
  m_ImportantGI: 0
  m_StitchLightmapSeams: 0
  m_SelectedEditorRenderState: 3
  m_MinimumChartSize: 4
  m_AutoUVMaxDistance: 0.5
  m_AutoUVMaxAngle: 89
  m_LightmapParameters: {fileID: 0}
  m_SortingLayerID: 0
  m_SortingLayer: 0
  m_SortingOrder: 0
--- !u!1 &1386276890929345
GameObject:
  m_CorrespondingSourceObject: {fileID: 0}
  m_PrefabInstance: {fileID: 100100000}
  m_PrefabAsset: {fileID: 0}
  serializedVersion: 5
  m_Component:
  - component: {fileID: 4960106247033649}
  - component: {fileID: 33281675109229041}
  - component: {fileID: 23497880706916658}
  m_Layer: 10
  m_Name: lod1
  m_TagString: Untagged
  m_Icon: {fileID: 0}
  m_NavMeshLayer: 0
  m_StaticEditorFlags: 0
  m_IsActive: 1
--- !u!4 &4960106247033649
Transform:
  m_CorrespondingSourceObject: {fileID: 0}
  m_PrefabInstance: {fileID: 100100000}
  m_PrefabAsset: {fileID: 0}
  m_GameObject: {fileID: 1386276890929345}
  m_LocalRotation: {x: 0, y: 0.7071068, z: 0, w: -0.7071068}
  m_LocalPosition: {x: 0, y: 0, z: 1.1}
  m_LocalScale: {x: 1, y: 1, z: 1}
  m_Children: []
  m_Father: {fileID: 4147922844689050}
  m_RootOrder: 1
  m_LocalEulerAnglesHint: {x: 0, y: 90, z: 0}
--- !u!33 &33281675109229041
MeshFilter:
  m_CorrespondingSourceObject: {fileID: 0}
  m_PrefabInstance: {fileID: 100100000}
  m_PrefabAsset: {fileID: 0}
  m_GameObject: {fileID: 1386276890929345}
  m_Mesh: {fileID: 4300000, guid: 5ea92f028b0729d40a386f5be616abc7, type: 2}
--- !u!23 &23497880706916658
MeshRenderer:
  m_CorrespondingSourceObject: {fileID: 0}
  m_PrefabInstance: {fileID: 100100000}
  m_PrefabAsset: {fileID: 0}
  m_GameObject: {fileID: 1386276890929345}
  m_Enabled: 1
  m_CastShadows: 0
  m_ReceiveShadows: 1
  m_DynamicOccludee: 1
  m_MotionVectors: 1
  m_LightProbeUsage: 1
  m_ReflectionProbeUsage: 1
  m_RayTracingMode: 2
  m_RenderingLayerMask: 1
  m_RendererPriority: 0
  m_Materials:
  - {fileID: 2100000, guid: 35ab17c76a3aa6342b71ef9885de0664, type: 2}
  m_StaticBatchInfo:
    firstSubMesh: 0
    subMeshCount: 0
  m_StaticBatchRoot: {fileID: 0}
  m_ProbeAnchor: {fileID: 0}
  m_LightProbeVolumeOverride: {fileID: 0}
  m_ScaleInLightmap: 1
  m_ReceiveGI: 1
  m_PreserveUVs: 0
  m_IgnoreNormalsForChartDetection: 0
  m_ImportantGI: 0
  m_StitchLightmapSeams: 0
  m_SelectedEditorRenderState: 3
  m_MinimumChartSize: 4
  m_AutoUVMaxDistance: 0.5
  m_AutoUVMaxAngle: 89
  m_LightmapParameters: {fileID: 0}
  m_SortingLayerID: 0
  m_SortingLayer: 0
  m_SortingOrder: 0
--- !u!1 &1479977059858438
GameObject:
  m_CorrespondingSourceObject: {fileID: 0}
  m_PrefabInstance: {fileID: 100100000}
  m_PrefabAsset: {fileID: 0}
  serializedVersion: 5
  m_Component:
  - component: {fileID: 4256109761432228}
  - component: {fileID: 205594708994094448}
  m_Layer: 10
  m_Name: Worn
  m_TagString: Untagged
  m_Icon: {fileID: 0}
  m_NavMeshLayer: 0
  m_StaticEditorFlags: 0
  m_IsActive: 0
--- !u!4 &4256109761432228
Transform:
  m_CorrespondingSourceObject: {fileID: 0}
  m_PrefabInstance: {fileID: 100100000}
  m_PrefabAsset: {fileID: 0}
  m_GameObject: {fileID: 1479977059858438}
  m_LocalRotation: {x: 0, y: 0, z: 0, w: 1}
  m_LocalPosition: {x: 0, y: -0.148, z: -0.085}
  m_LocalScale: {x: 1, y: 1, z: 1}
  m_Children:
  - {fileID: 4883266603783366}
  - {fileID: 4321065324165919}
  m_Father: {fileID: 4986564008325775}
  m_RootOrder: 5
  m_LocalEulerAnglesHint: {x: 0, y: 0, z: 0}
--- !u!205 &205594708994094448
LODGroup:
  m_CorrespondingSourceObject: {fileID: 0}
  m_PrefabInstance: {fileID: 100100000}
  m_PrefabAsset: {fileID: 0}
  m_GameObject: {fileID: 1479977059858438}
  serializedVersion: 2
  m_LocalReferencePoint: {x: 0.0008164197, y: 0.6390235, z: 1.682932}
  m_Size: 3.168126
  m_FadeMode: 0
  m_AnimateCrossFading: 0
  m_LastLODIsBillboard: 0
  m_LODs:
  - screenRelativeHeight: 0.09844733
    fadeTransitionWidth: 0
    renderers:
    - renderer: {fileID: 23031079673428637}
  - screenRelativeHeight: 0.02794234
    fadeTransitionWidth: 0
    renderers:
    - renderer: {fileID: 23654890796588473}
  m_Enabled: 1
--- !u!1 &1271228759519964
GameObject:
  m_CorrespondingSourceObject: {fileID: 0}
  m_PrefabInstance: {fileID: 100100000}
  m_PrefabAsset: {fileID: 0}
  serializedVersion: 5
  m_Component:
  - component: {fileID: 4883266603783366}
  - component: {fileID: 33155452250585114}
  - component: {fileID: 23031079673428637}
  m_Layer: 10
  m_Name: default
  m_TagString: Untagged
  m_Icon: {fileID: 0}
  m_NavMeshLayer: 0
  m_StaticEditorFlags: 0
  m_IsActive: 1
--- !u!4 &4883266603783366
Transform:
  m_CorrespondingSourceObject: {fileID: 0}
  m_PrefabInstance: {fileID: 100100000}
  m_PrefabAsset: {fileID: 0}
  m_GameObject: {fileID: 1271228759519964}
  m_LocalRotation: {x: 0, y: 0.7071068, z: 0, w: -0.7071068}
  m_LocalPosition: {x: 0, y: 0, z: 1.1}
  m_LocalScale: {x: 1, y: 1, z: 1}
  m_Children: []
  m_Father: {fileID: 4256109761432228}
  m_RootOrder: 0
  m_LocalEulerAnglesHint: {x: 0, y: 90, z: 0}
--- !u!33 &33155452250585114
MeshFilter:
  m_CorrespondingSourceObject: {fileID: 0}
  m_PrefabInstance: {fileID: 100100000}
  m_PrefabAsset: {fileID: 0}
  m_GameObject: {fileID: 1271228759519964}
  m_Mesh: {fileID: 4300000, guid: e67947c717b957840ac98dad2660c542, type: 2}
--- !u!23 &23031079673428637
MeshRenderer:
  m_CorrespondingSourceObject: {fileID: 0}
  m_PrefabInstance: {fileID: 100100000}
  m_PrefabAsset: {fileID: 0}
  m_GameObject: {fileID: 1271228759519964}
  m_Enabled: 1
  m_CastShadows: 1
  m_ReceiveShadows: 1
  m_DynamicOccludee: 1
  m_MotionVectors: 1
  m_LightProbeUsage: 1
  m_ReflectionProbeUsage: 1
  m_RayTracingMode: 2
  m_RenderingLayerMask: 1
  m_RendererPriority: 0
  m_Materials:
  - {fileID: 2100000, guid: fe78529e1eca0f74daca475c3e2521b1, type: 2}
  m_StaticBatchInfo:
    firstSubMesh: 0
    subMeshCount: 0
  m_StaticBatchRoot: {fileID: 0}
  m_ProbeAnchor: {fileID: 0}
  m_LightProbeVolumeOverride: {fileID: 0}
  m_ScaleInLightmap: 1
  m_ReceiveGI: 1
  m_PreserveUVs: 0
  m_IgnoreNormalsForChartDetection: 0
  m_ImportantGI: 0
  m_StitchLightmapSeams: 0
  m_SelectedEditorRenderState: 3
  m_MinimumChartSize: 4
  m_AutoUVMaxDistance: 0.5
  m_AutoUVMaxAngle: 89
  m_LightmapParameters: {fileID: 0}
  m_SortingLayerID: 0
  m_SortingLayer: 0
  m_SortingOrder: 0
--- !u!1 &1841632613188498
GameObject:
  m_CorrespondingSourceObject: {fileID: 0}
  m_PrefabInstance: {fileID: 100100000}
  m_PrefabAsset: {fileID: 0}
  serializedVersion: 5
  m_Component:
  - component: {fileID: 4321065324165919}
  - component: {fileID: 33634162150728913}
  - component: {fileID: 23654890796588473}
  m_Layer: 10
  m_Name: lod1
  m_TagString: Untagged
  m_Icon: {fileID: 0}
  m_NavMeshLayer: 0
  m_StaticEditorFlags: 0
  m_IsActive: 1
--- !u!4 &4321065324165919
Transform:
  m_CorrespondingSourceObject: {fileID: 0}
  m_PrefabInstance: {fileID: 100100000}
  m_PrefabAsset: {fileID: 0}
  m_GameObject: {fileID: 1841632613188498}
  m_LocalRotation: {x: 0, y: 0.7071068, z: 0, w: -0.7071068}
  m_LocalPosition: {x: 0, y: 0, z: 1.1}
  m_LocalScale: {x: 1, y: 1, z: 1}
  m_Children: []
  m_Father: {fileID: 4256109761432228}
  m_RootOrder: 1
  m_LocalEulerAnglesHint: {x: 0, y: 90, z: 0}
--- !u!33 &33634162150728913
MeshFilter:
  m_CorrespondingSourceObject: {fileID: 0}
  m_PrefabInstance: {fileID: 100100000}
  m_PrefabAsset: {fileID: 0}
  m_GameObject: {fileID: 1841632613188498}
  m_Mesh: {fileID: 4300000, guid: 5ea92f028b0729d40a386f5be616abc7, type: 2}
--- !u!23 &23654890796588473
MeshRenderer:
  m_CorrespondingSourceObject: {fileID: 0}
  m_PrefabInstance: {fileID: 100100000}
  m_PrefabAsset: {fileID: 0}
  m_GameObject: {fileID: 1841632613188498}
  m_Enabled: 1
  m_CastShadows: 0
  m_ReceiveShadows: 1
  m_DynamicOccludee: 1
  m_MotionVectors: 1
  m_LightProbeUsage: 1
  m_ReflectionProbeUsage: 1
  m_RayTracingMode: 2
  m_RenderingLayerMask: 1
  m_RendererPriority: 0
  m_Materials:
  - {fileID: 2100000, guid: fe78529e1eca0f74daca475c3e2521b1, type: 2}
  m_StaticBatchInfo:
    firstSubMesh: 0
    subMeshCount: 0
  m_StaticBatchRoot: {fileID: 0}
  m_ProbeAnchor: {fileID: 0}
  m_LightProbeVolumeOverride: {fileID: 0}
  m_ScaleInLightmap: 1
  m_ReceiveGI: 1
  m_PreserveUVs: 0
  m_IgnoreNormalsForChartDetection: 0
  m_ImportantGI: 0
  m_StitchLightmapSeams: 0
  m_SelectedEditorRenderState: 3
  m_MinimumChartSize: 4
  m_AutoUVMaxDistance: 0.5
  m_AutoUVMaxAngle: 89
  m_LightmapParameters: {fileID: 0}
  m_SortingLayerID: 0
  m_SortingLayer: 0
  m_SortingOrder: 0
--- !u!1 &1648621138955710
GameObject:
  m_CorrespondingSourceObject: {fileID: 0}
  m_PrefabInstance: {fileID: 100100000}
  m_PrefabAsset: {fileID: 0}
  serializedVersion: 5
  m_Component:
  - component: {fileID: 4422415445314581}
  - component: {fileID: 205887660507222760}
  m_Layer: 10
  m_Name: Broken
  m_TagString: Untagged
  m_Icon: {fileID: 0}
  m_NavMeshLayer: 0
  m_StaticEditorFlags: 0
  m_IsActive: 0
--- !u!4 &4422415445314581
Transform:
  m_CorrespondingSourceObject: {fileID: 0}
  m_PrefabInstance: {fileID: 100100000}
  m_PrefabAsset: {fileID: 0}
  m_GameObject: {fileID: 1648621138955710}
  m_LocalRotation: {x: 0, y: 0, z: 0, w: 1}
  m_LocalPosition: {x: 0, y: -0.148, z: -0.085}
  m_LocalScale: {x: 1, y: 1, z: 1}
  m_Children:
  - {fileID: 4917888169097965}
  - {fileID: 4463788228731753}
  m_Father: {fileID: 4986564008325775}
  m_RootOrder: 6
  m_LocalEulerAnglesHint: {x: 0, y: 0, z: 0}
--- !u!205 &205887660507222760
LODGroup:
  m_CorrespondingSourceObject: {fileID: 0}
  m_PrefabInstance: {fileID: 100100000}
  m_PrefabAsset: {fileID: 0}
  m_GameObject: {fileID: 1648621138955710}
  serializedVersion: 2
  m_LocalReferencePoint: {x: 0.01963341, y: 0.1690115, z: 1.686293}
  m_Size: 3.174849
  m_FadeMode: 0
  m_AnimateCrossFading: 0
  m_LastLODIsBillboard: 0
  m_LODs:
  - screenRelativeHeight: 0.09844733
    fadeTransitionWidth: 0
    renderers:
    - renderer: {fileID: 23738011580322375}
  - screenRelativeHeight: 0.02518757
    fadeTransitionWidth: 0
    renderers:
    - renderer: {fileID: 23580193779904338}
  m_Enabled: 1
--- !u!1 &1093589707740445
GameObject:
  m_CorrespondingSourceObject: {fileID: 0}
  m_PrefabInstance: {fileID: 100100000}
  m_PrefabAsset: {fileID: 0}
  serializedVersion: 5
  m_Component:
  - component: {fileID: 4917888169097965}
  - component: {fileID: 33082765865083213}
  - component: {fileID: 23738011580322375}
  m_Layer: 10
  m_Name: default
  m_TagString: Untagged
  m_Icon: {fileID: 0}
  m_NavMeshLayer: 0
  m_StaticEditorFlags: 0
  m_IsActive: 1
--- !u!4 &4917888169097965
Transform:
  m_CorrespondingSourceObject: {fileID: 0}
  m_PrefabInstance: {fileID: 100100000}
  m_PrefabAsset: {fileID: 0}
  m_GameObject: {fileID: 1093589707740445}
  m_LocalRotation: {x: 0, y: 0.7071068, z: 0, w: -0.7071068}
  m_LocalPosition: {x: 0, y: 0, z: 1.1}
  m_LocalScale: {x: 1, y: 1, z: 1}
  m_Children: []
  m_Father: {fileID: 4422415445314581}
  m_RootOrder: 0
  m_LocalEulerAnglesHint: {x: 0, y: 90, z: 0}
--- !u!33 &33082765865083213
MeshFilter:
  m_CorrespondingSourceObject: {fileID: 0}
  m_PrefabInstance: {fileID: 100100000}
  m_PrefabAsset: {fileID: 0}
  m_GameObject: {fileID: 1093589707740445}
  m_Mesh: {fileID: 4300000, guid: 617868eb85784f04b9dc1c45a8f90314, type: 2}
--- !u!23 &23738011580322375
MeshRenderer:
  m_CorrespondingSourceObject: {fileID: 0}
  m_PrefabInstance: {fileID: 100100000}
  m_PrefabAsset: {fileID: 0}
  m_GameObject: {fileID: 1093589707740445}
  m_Enabled: 1
  m_CastShadows: 1
  m_ReceiveShadows: 1
  m_DynamicOccludee: 1
  m_MotionVectors: 1
  m_LightProbeUsage: 1
  m_ReflectionProbeUsage: 1
  m_RayTracingMode: 2
  m_RenderingLayerMask: 1
  m_RendererPriority: 0
  m_Materials:
  - {fileID: 2100000, guid: fe78529e1eca0f74daca475c3e2521b1, type: 2}
  m_StaticBatchInfo:
    firstSubMesh: 0
    subMeshCount: 0
  m_StaticBatchRoot: {fileID: 0}
  m_ProbeAnchor: {fileID: 0}
  m_LightProbeVolumeOverride: {fileID: 0}
  m_ScaleInLightmap: 1
  m_ReceiveGI: 1
  m_PreserveUVs: 0
  m_IgnoreNormalsForChartDetection: 0
  m_ImportantGI: 0
  m_StitchLightmapSeams: 0
  m_SelectedEditorRenderState: 3
  m_MinimumChartSize: 4
  m_AutoUVMaxDistance: 0.5
  m_AutoUVMaxAngle: 89
  m_LightmapParameters: {fileID: 0}
  m_SortingLayerID: 0
  m_SortingLayer: 0
  m_SortingOrder: 0
--- !u!1 &1288425884058185
GameObject:
  m_CorrespondingSourceObject: {fileID: 0}
  m_PrefabInstance: {fileID: 100100000}
  m_PrefabAsset: {fileID: 0}
  serializedVersion: 5
  m_Component:
  - component: {fileID: 4463788228731753}
  - component: {fileID: 33848480299509955}
  - component: {fileID: 23580193779904338}
  m_Layer: 10
  m_Name: lod1
  m_TagString: Untagged
  m_Icon: {fileID: 0}
  m_NavMeshLayer: 0
  m_StaticEditorFlags: 0
  m_IsActive: 1
--- !u!4 &4463788228731753
Transform:
  m_CorrespondingSourceObject: {fileID: 0}
  m_PrefabInstance: {fileID: 100100000}
  m_PrefabAsset: {fileID: 0}
  m_GameObject: {fileID: 1288425884058185}
  m_LocalRotation: {x: 0, y: 0.7071068, z: 0, w: -0.7071068}
  m_LocalPosition: {x: 0, y: 0, z: 1.1}
  m_LocalScale: {x: 1, y: 1, z: 1}
  m_Children: []
  m_Father: {fileID: 4422415445314581}
  m_RootOrder: 1
  m_LocalEulerAnglesHint: {x: 0, y: 90, z: 0}
--- !u!33 &33848480299509955
MeshFilter:
  m_CorrespondingSourceObject: {fileID: 0}
  m_PrefabInstance: {fileID: 100100000}
  m_PrefabAsset: {fileID: 0}
  m_GameObject: {fileID: 1288425884058185}
  m_Mesh: {fileID: 4300000, guid: 975812343eaf5c346b1bb71ea34cb221, type: 2}
--- !u!23 &23580193779904338
MeshRenderer:
  m_CorrespondingSourceObject: {fileID: 0}
  m_PrefabInstance: {fileID: 100100000}
  m_PrefabAsset: {fileID: 0}
  m_GameObject: {fileID: 1288425884058185}
  m_Enabled: 1
  m_CastShadows: 0
  m_ReceiveShadows: 1
  m_DynamicOccludee: 1
  m_MotionVectors: 1
  m_LightProbeUsage: 1
  m_ReflectionProbeUsage: 1
  m_RayTracingMode: 2
  m_RenderingLayerMask: 1
  m_RendererPriority: 0
  m_Materials:
  - {fileID: 2100000, guid: fe78529e1eca0f74daca475c3e2521b1, type: 2}
  m_StaticBatchInfo:
    firstSubMesh: 0
    subMeshCount: 0
  m_StaticBatchRoot: {fileID: 0}
  m_ProbeAnchor: {fileID: 0}
  m_LightProbeVolumeOverride: {fileID: 0}
  m_ScaleInLightmap: 1
  m_ReceiveGI: 1
  m_PreserveUVs: 0
  m_IgnoreNormalsForChartDetection: 0
  m_ImportantGI: 0
  m_StitchLightmapSeams: 0
  m_SelectedEditorRenderState: 3
  m_MinimumChartSize: 4
  m_AutoUVMaxDistance: 0.5
  m_AutoUVMaxAngle: 89
  m_LightmapParameters: {fileID: 0}
  m_SortingLayerID: 0
  m_SortingLayer: 0
  m_SortingOrder: 0
