%YAML 1.1
%TAG !u! tag:unity3d.com,2011:
--- !u!1001 &100100000
PrefabInstance:
  serializedVersion: 2
  m_RootGameObject: {fileID: 1923389451126992}
  m_Modification:
    m_TransformParent: {fileID: 0}
    m_Modifications: []
    m_RemovedComponents: []
  m_SourcePrefab: {fileID: 0}
--- !u!1 &1923389451126992
GameObject:
  m_CorrespondingSourceObject: {fileID: 0}
  m_PrefabInstance: {fileID: 100100000}
  m_PrefabAsset: {fileID: 0}
  serializedVersion: 5
  m_Component:
  - component: {fileID: 4350491014124412}
  - component: {fileID: 54548495074229902}
  - component: {fileID: 114299082293114939}
  - component: {fileID: 114992841179378075}
  - component: {fileID: 114116679614910444}
  - component: {fileID: 205130388809880126}
  - component: {fileID: 114374605469895822}
  - component: {fileID: 114410472757883791}
  - component: {fileID: 114711648119322681}
  m_Layer: 0
  m_Name: FirTree_log
  m_TagString: Untagged
  m_Icon: {fileID: 0}
  m_NavMeshLayer: 0
  m_StaticEditorFlags: 0
  m_IsActive: 1
--- !u!4 &4350491014124412
Transform:
  m_CorrespondingSourceObject: {fileID: 0}
  m_PrefabInstance: {fileID: 100100000}
  m_PrefabAsset: {fileID: 0}
  m_GameObject: {fileID: 1923389451126992}
  m_LocalRotation: {x: 0, y: 0, z: 0, w: 1}
  m_LocalPosition: {x: 0, y: 50, z: 0}
  m_LocalScale: {x: 1, y: 1, z: 1}
  m_Children:
  - {fileID: 4696012957010057}
  - {fileID: 4411411806675669}
  - {fileID: 4558650298665791}
  m_Father: {fileID: 0}
  m_RootOrder: 0
  m_LocalEulerAnglesHint: {x: 0, y: 0, z: 0}
--- !u!54 &54548495074229902
Rigidbody:
  m_CorrespondingSourceObject: {fileID: 0}
  m_PrefabInstance: {fileID: 100100000}
  m_PrefabAsset: {fileID: 0}
  m_GameObject: {fileID: 1923389451126992}
  serializedVersion: 2
  m_Mass: 100
  m_Drag: 0.1
  m_AngularDrag: 0.2
  m_UseGravity: 1
  m_IsKinematic: 0
  m_Interpolate: 1
  m_Constraints: 0
  m_CollisionDetection: 0
--- !u!114 &114299082293114939
MonoBehaviour:
  m_CorrespondingSourceObject: {fileID: 0}
  m_PrefabInstance: {fileID: 100100000}
  m_PrefabAsset: {fileID: 0}
  m_GameObject: {fileID: 1923389451126992}
  m_Enabled: 1
  m_EditorHideFlags: 0
  m_Script: {fileID: 11500000, guid: 8d13d63090ca3f942b327ae131eec5a0, type: 3}
  m_Name:
  m_EditorClassIdentifier:
  m_persistent: 1
  m_distant: 0
  m_type: 0
  m_syncInitialScale: 1
--- !u!114 &114992841179378075
MonoBehaviour:
  m_CorrespondingSourceObject: {fileID: 0}
  m_PrefabInstance: {fileID: 100100000}
  m_PrefabAsset: {fileID: 0}
  m_GameObject: {fileID: 1923389451126992}
  m_Enabled: 1
  m_EditorHideFlags: 0
  m_Script: {fileID: 11500000, guid: 11e1576937b9e9341b3d0ceb138d6e14, type: 3}
  m_Name:
  m_EditorClassIdentifier:
  m_syncPosition: 1
  m_syncRotation: 1
  m_syncScale: 0
  m_syncBodyVelocity: 1
  m_characterParentSync: 0
--- !u!114 &114116679614910444
MonoBehaviour:
  m_CorrespondingSourceObject: {fileID: 0}
  m_PrefabInstance: {fileID: 100100000}
  m_PrefabAsset: {fileID: 0}
  m_GameObject: {fileID: 1923389451126992}
  m_Enabled: 1
  m_EditorHideFlags: 0
  m_Script: {fileID: 11500000, guid: 99b891b1d64969c4cb6a118a2cd43486, type: 3}
  m_Name:
  m_EditorClassIdentifier:
  m_health: 60
  m_damages:
    m_blunt: 3
    m_slash: 3
    m_pierce: 3
    m_chop: 0
    m_pickaxe: 3
    m_fire: 3
    m_frost: 3
    m_lightning: 3
    m_poison: 3
    m_spirit: 3
  m_minToolTier: 0
  m_destroyedEffect:
    m_effectPrefabs:
    - m_prefab: {fileID: 1393881676558315, guid: f6203c7b6180dd04b8af833b28eeeda6, type: 2}
      m_enabled: 1
      m_variant: -1
      m_attach: 0
      m_inheritParentRotation: 1
      m_inheritParentScale: 1
      m_randomRotation: 0
      m_scale: 0
      m_childTransform:
    - m_prefab: {fileID: 1179738627218383, guid: 58705b6b00ca06246a35dadea95dda23, type: 2}
      m_enabled: 1
      m_variant: -1
      m_attach: 0
      m_inheritParentRotation: 0
      m_inheritParentScale: 0
      m_randomRotation: 0
      m_scale: 0
      m_childTransform:
  m_hitEffect:
    m_effectPrefabs:
    - m_prefab: {fileID: 1286009061253838, guid: 9410b2e6398ea6845923882b463cadf0, type: 2}
      m_enabled: 1
      m_variant: -1
      m_attach: 0
      m_inheritParentRotation: 0
      m_inheritParentScale: 0
      m_randomRotation: 0
      m_scale: 0
      m_childTransform:
    - m_prefab: {fileID: 1259399975477228, guid: 80143e7c496449e4b8e253cdc99b6515, type: 2}
      m_enabled: 1
      m_variant: -1
      m_attach: 0
      m_inheritParentRotation: 0
      m_inheritParentScale: 0
      m_randomRotation: 0
      m_scale: 0
      m_childTransform:
  m_dropWhenDestroyed:
    m_drops: []
    m_dropMin: 1
    m_dropMax: 4
    m_dropChance: 1
    m_oneOfEach: 0
  m_subLogPrefab: {fileID: 1513368034904722, guid: 1a213d8d721ae2d41845246c51399e4b, type: 2}
  m_subLogPoints:
  - {fileID: 4411411806675669}
  - {fileID: 4558650298665791}
  m_spawnDistance: 2
  m_hitNoise: 100
--- !u!205 &205130388809880126
LODGroup:
  m_CorrespondingSourceObject: {fileID: 0}
  m_PrefabInstance: {fileID: 100100000}
  m_PrefabAsset: {fileID: 0}
  m_GameObject: {fileID: 1923389451126992}
  serializedVersion: 2
  m_LocalReferencePoint: {x: 2.980232E-08, y: 0, z: -5.960464E-08}
  m_Size: 6.889993
  m_FadeMode: 1
  m_AnimateCrossFading: 1
  m_LastLODIsBillboard: 0
  m_LODs:
  - screenRelativeHeight: 0.2109973
    fadeTransitionWidth: 0
    renderers:
    - renderer: {fileID: 23212999710606411}
  m_Enabled: 1
--- !u!114 &114374605469895822
MonoBehaviour:
  m_CorrespondingSourceObject: {fileID: 0}
  m_PrefabInstance: {fileID: 100100000}
  m_PrefabAsset: {fileID: 0}
  m_GameObject: {fileID: 1923389451126992}
  m_Enabled: 1
  m_EditorHideFlags: 0
  m_Script: {fileID: 11500000, guid: f1040ac0747e3f54e992dc71cdeeab7d, type: 3}
  m_Name:
  m_EditorClassIdentifier:
  m_hitEffect:
    m_effectPrefabs:
    - m_prefab: {fileID: 1859870660477066, guid: 46cf60dcca53b9646b61e9e0ead283b9, type: 2}
      m_enabled: 1
      m_variant: -1
      m_attach: 0
      m_inheritParentRotation: 0
      m_inheritParentScale: 0
      m_randomRotation: 0
      m_scale: 0
      m_childTransform:
    - m_prefab: {fileID: 1847244614843260, guid: 99c6b14813713804ab0791fc59e4f84b, type: 2}
      m_enabled: 1
      m_variant: -1
      m_attach: 0
      m_inheritParentRotation: 0
      m_inheritParentScale: 0
      m_randomRotation: 0
      m_scale: 0
      m_childTransform:
    - m_prefab: {fileID: 1259399975477228, guid: 80143e7c496449e4b8e253cdc99b6515, type: 2}
      m_enabled: 1
      m_variant: -1
      m_attach: 0
      m_inheritParentRotation: 0
      m_inheritParentScale: 0
      m_randomRotation: 0
      m_scale: 0
      m_childTransform:
  m_destroyEffect:
    m_effectPrefabs: []
  m_hitDestroyChance: 0
  m_minVelocity: 1
  m_maxVelocity: 5
  m_damageToSelf: 0
  m_damagePlayers: 1
  m_damageFish: 1
  m_toolTier: 2
  m_damages:
    m_damage: 0
    m_blunt: 50
    m_slash: 0
    m_pierce: 0
    m_chop: 30
    m_pickaxe: 0
    m_fire: 0
    m_frost: 0
    m_lightning: 0
    m_poison: 0
    m_spirit: 0
  m_triggerMask:
    serializedVersion: 2
    m_Bits: 336629249
  m_interval: 0.25
--- !u!114 &114410472757883791
MonoBehaviour:
  m_CorrespondingSourceObject: {fileID: 0}
  m_PrefabInstance: {fileID: 100100000}
  m_PrefabAsset: {fileID: 0}
  m_GameObject: {fileID: 1923389451126992}
  m_Enabled: 1
  m_EditorHideFlags: 0
  m_Script: {fileID: 11500000, guid: 4ffbd2da8efabf34b9969730c8086bf5, type: 3}
  m_Name:
  m_EditorClassIdentifier:
  m_waterLevelOffset: 0.3
  m_forceDistance: 1
  m_force: 0.5
  m_balanceForceFraction: 0.05
  m_damping: 0.03
  m_impactEffects:
    m_effectPrefabs:
    - m_prefab: {fileID: 1248110671279100, guid: 5c5e744e9667cca4d93c34abb30b8f90, type: 2}
      m_enabled: 1
      m_variant: -1
      m_attach: 0
      m_inheritParentRotation: 0
      m_inheritParentScale: 0
      m_randomRotation: 0
      m_scale: 0
      m_childTransform:
  m_surfaceEffects: {fileID: 0}
--- !u!114 &114711648119322681
MonoBehaviour:
  m_CorrespondingSourceObject: {fileID: 0}
  m_PrefabInstance: {fileID: 100100000}
  m_PrefabAsset: {fileID: 0}
  m_GameObject: {fileID: 1923389451126992}
  m_Enabled: 1
  m_EditorHideFlags: 0
  m_Script: {fileID: 11500000, guid: aeb1cc24d917ccd42b0844bc30ab6fce, type: 3}
  m_Name:
  m_EditorClassIdentifier:
  m_text: Log
--- !u!1 &1078446519589231
GameObject:
  m_CorrespondingSourceObject: {fileID: 0}
  m_PrefabInstance: {fileID: 100100000}
  m_PrefabAsset: {fileID: 0}
  serializedVersion: 5
  m_Component:
  - component: {fileID: 4696012957010057}
  - component: {fileID: 33464895823066294}
  - component: {fileID: 23212999710606411}
  - component: {fileID: 136055766105244222}
  m_Layer: 0
  m_Name: PineTree_log (1)
  m_TagString: Untagged
  m_Icon: {fileID: 0}
  m_NavMeshLayer: 0
  m_StaticEditorFlags: 0
  m_IsActive: 1
--- !u!4 &4696012957010057
Transform:
  m_CorrespondingSourceObject: {fileID: 0}
  m_PrefabInstance: {fileID: 100100000}
  m_PrefabAsset: {fileID: 0}
  m_GameObject: {fileID: 1078446519589231}
  m_LocalRotation: {x: 0.7071068, y: 0, z: 0, w: 0.7071068}
  m_LocalPosition: {x: 0, y: 0, z: 0}
  m_LocalScale: {x: 2.838004, y: 2.838003, z: 3.657207}
  m_Children: []
  m_Father: {fileID: 4350491014124412}
  m_RootOrder: 0
  m_LocalEulerAnglesHint: {x: 90, y: 0, z: 0}
--- !u!33 &33464895823066294
MeshFilter:
  m_CorrespondingSourceObject: {fileID: 0}
  m_PrefabInstance: {fileID: 100100000}
  m_PrefabAsset: {fileID: 0}
  m_GameObject: {fileID: 1078446519589231}
  m_Mesh: {fileID: 4300000, guid: aa422bb5b039a1444a2ddb0dfb667201, type: 2}
--- !u!23 &23212999710606411
MeshRenderer:
  m_CorrespondingSourceObject: {fileID: 0}
  m_PrefabInstance: {fileID: 100100000}
  m_PrefabAsset: {fileID: 0}
  m_GameObject: {fileID: 1078446519589231}
  m_Enabled: 1
  m_CastShadows: 1
  m_ReceiveShadows: 1
  m_DynamicOccludee: 1
  m_MotionVectors: 1
  m_LightProbeUsage: 1
  m_ReflectionProbeUsage: 1
  m_RayTracingMode: 2
  m_RenderingLayerMask: 1
  m_RendererPriority: 0
  m_Materials:
  - {fileID: 2100000, guid: 4fa937c419387b4419c92c1aec097b70, type: 2}
  m_StaticBatchInfo:
    firstSubMesh: 0
    subMeshCount: 0
  m_StaticBatchRoot: {fileID: 0}
  m_ProbeAnchor: {fileID: 0}
  m_LightProbeVolumeOverride: {fileID: 0}
  m_ScaleInLightmap: 1
  m_ReceiveGI: 1
  m_PreserveUVs: 0
  m_IgnoreNormalsForChartDetection: 0
  m_ImportantGI: 0
  m_StitchLightmapSeams: 0
  m_SelectedEditorRenderState: 3
  m_MinimumChartSize: 4
  m_AutoUVMaxDistance: 0.5
  m_AutoUVMaxAngle: 89
  m_LightmapParameters: {fileID: 0}
  m_SortingLayerID: 0
  m_SortingLayer: 0
  m_SortingOrder: 0
--- !u!136 &136055766105244222
CapsuleCollider:
  m_CorrespondingSourceObject: {fileID: 0}
  m_PrefabInstance: {fileID: 100100000}
  m_PrefabAsset: {fileID: 0}
  m_GameObject: {fileID: 1078446519589231}
  m_Material: {fileID: 0}
  m_IsTrigger: 0
  m_Enabled: 1
  m_Radius: 0.11
  m_Height: 2.12
  m_Direction: 2
  m_Center: {x: 0, y: -4.768372E-07, z: -0.001371443}
--- !u!1 &1256634819551015
GameObject:
  m_CorrespondingSourceObject: {fileID: 0}
  m_PrefabInstance: {fileID: 100100000}
  m_PrefabAsset: {fileID: 0}
  serializedVersion: 5
  m_Component:
  - component: {fileID: 4411411806675669}
  m_Layer: 0
  m_Name: sublog
  m_TagString: Untagged
  m_Icon: {fileID: 0}
  m_NavMeshLayer: 0
  m_StaticEditorFlags: 0
  m_IsActive: 1
--- !u!4 &4411411806675669
Transform:
  m_CorrespondingSourceObject: {fileID: 0}
  m_PrefabInstance: {fileID: 100100000}
  m_PrefabAsset: {fileID: 0}
  m_GameObject: {fileID: 1256634819551015}
  m_LocalRotation: {x: 0, y: 0, z: 0, w: 1}
  m_LocalPosition: {x: 0, y: -2.1, z: 0}
  m_LocalScale: {x: 1, y: 1, z: 1}
  m_Children: []
  m_Father: {fileID: 4350491014124412}
  m_RootOrder: 1
  m_LocalEulerAnglesHint: {x: 0, y: 0, z: 0}
--- !u!1 &1358448004428560
GameObject:
  m_CorrespondingSourceObject: {fileID: 0}
  m_PrefabInstance: {fileID: 100100000}
  m_PrefabAsset: {fileID: 0}
  serializedVersion: 5
  m_Component:
  - component: {fileID: 4558650298665791}
  m_Layer: 0
  m_Name: sublog (1)
  m_TagString: Untagged
  m_Icon: {fileID: 0}
  m_NavMeshLayer: 0
  m_StaticEditorFlags: 0
  m_IsActive: 1
--- !u!4 &4558650298665791
Transform:
  m_CorrespondingSourceObject: {fileID: 0}
  m_PrefabInstance: {fileID: 100100000}
  m_PrefabAsset: {fileID: 0}
  m_GameObject: {fileID: 1358448004428560}
  m_LocalRotation: {x: 0, y: 0, z: 0, w: 1}
  m_LocalPosition: {x: 0, y: 2.1, z: 0}
  m_LocalScale: {x: 1, y: 1, z: 1}
  m_Children: []
  m_Father: {fileID: 4350491014124412}
  m_RootOrder: 2
  m_LocalEulerAnglesHint: {x: 0, y: 0, z: 0}
