%YAML 1.1
%TAG !u! tag:unity3d.com,2011:
--- !u!1001 &100100000
PrefabInstance:
  serializedVersion: 2
  m_RootGameObject: {fileID: 1488468992721218}
  m_Modification:
    m_TransformParent: {fileID: 0}
    m_Modifications: []
    m_RemovedComponents: []
  m_SourcePrefab: {fileID: 0}
--- !u!1 &1488468992721218
GameObject:
  m_CorrespondingSourceObject: {fileID: 0}
  m_PrefabInstance: {fileID: 100100000}
  m_PrefabAsset: {fileID: 0}
  serializedVersion: 5
  m_Component:
  - component: {fileID: 4669365794164224}
  - component: {fileID: 114780045496101959}
  - component: {fileID: 114252648914080150}
  - component: {fileID: 114534942859684000}
  - component: {fileID: 114855995497981447}
  m_Layer: 10
  m_Name: forge_ext1
  m_TagString: roof
  m_Icon: {fileID: 0}
  m_NavMeshLayer: 0
  m_StaticEditorFlags: 0
  m_IsActive: 1
--- !u!4 &4669365794164224
Transform:
  m_CorrespondingSourceObject: {fileID: 0}
  m_PrefabInstance: {fileID: 100100000}
  m_PrefabAsset: {fileID: 0}
  m_GameObject: {fileID: 1488468992721218}
  m_LocalRotation: {x: 0, y: 0, z: 0, w: 1}
  m_LocalPosition: {x: 0, y: 50, z: 0}
  m_LocalScale: {x: 1, y: 1, z: 1}
  m_Children:
  - {fileID: 4102987680812810}
  m_Father: {fileID: 0}
  m_RootOrder: 0
  m_LocalEulerAnglesHint: {x: 0, y: 0, z: 0}
--- !u!114 &114780045496101959
MonoBehaviour:
  m_CorrespondingSourceObject: {fileID: 0}
  m_PrefabInstance: {fileID: 100100000}
  m_PrefabAsset: {fileID: 0}
  m_GameObject: {fileID: 1488468992721218}
  m_Enabled: 1
  m_EditorHideFlags: 0
  m_Script: {fileID: 11500000, guid: e64dc9225b089f741ae662be1bf243ce, type: 3}
  m_Name:
  m_EditorClassIdentifier:
  m_primaryTarget: 1
  m_randomTarget: 1
  m_targetNonPlayerBuilt: 1
  m_icon: {fileID: 21301022, guid: 2c13a7d8b899c57499dfb133f02c9ce3, type: 3}
  m_name: $piece_forge_ext1
  m_description: $piece_forge $piece_upgrade
  m_enabled: 1
  m_category: 1
  m_isUpgrade: 1
  m_comfort: 0
  m_comfortGroup: 0
  m_comfortObject: {fileID: 0}
  m_groundPiece: 0
  m_allowAltGroundPlacement: 0
  m_groundOnly: 0
  m_cultivatedGroundOnly: 0
  m_waterPiece: 0
  m_clipGround: 0
  m_clipEverything: 0
  m_noInWater: 1
  m_notOnWood: 0
  m_notOnTiltingSurface: 1
  m_inCeilingOnly: 0
  m_notOnFloor: 0
  m_noClipping: 1
  m_onlyInTeleportArea: 0
  m_allowedInDungeons: 0
  m_spaceRequirement: 2
  m_repairPiece: 0
  m_canBeRemoved: 1
  m_allowRotatedOverlap: 0
  m_onlyInBiome: 0
  m_placeEffect:
    m_effectPrefabs:
    - m_prefab: {fileID: 1385791217521997, guid: 0d932642b6d16da40a4fe4a37eaaea0e, type: 2}
      m_enabled: 1
      m_variant: -1
      m_attach: 0
      m_inheritParentRotation: 0
      m_inheritParentScale: 0
      m_randomRotation: 0
      m_scale: 0
      m_childTransform:
    - m_prefab: {fileID: 1983270808287783, guid: 21ec73d17b1679b4f93c32317d1b145d, type: 2}
      m_enabled: 1
      m_variant: -1
      m_attach: 0
      m_inheritParentRotation: 0
      m_inheritParentScale: 0
      m_randomRotation: 0
      m_scale: 0
      m_childTransform:
  m_dlc:
  m_craftingStation: {fileID: 114482654899726974, guid: 522ee334a40cf9145a21fbca29aa7f81, type: 2}
  m_resources:
  - m_resItem: {fileID: 114674868016270417, guid: 1fc6f3c0435344344a3f68cdcd62c82c, type: 2}
    m_amount: 5
    m_amountPerLevel: 1
    m_recover: 1
  - m_resItem: {fileID: 114354408432110297, guid: 0c2e410076342dc479eb62f586f86510, type: 2}
    m_amount: 5
    m_amountPerLevel: 1
    m_recover: 1
  - m_resItem: {fileID: 114506862979787750, guid: a6cd84db24b46af44b56ed492cb56355, type: 2}
    m_amount: 4
    m_amountPerLevel: 1
    m_recover: 1
  m_destroyedLootPrefab: {fileID: 0}
--- !u!114 &114252648914080150
MonoBehaviour:
  m_CorrespondingSourceObject: {fileID: 0}
  m_PrefabInstance: {fileID: 100100000}
  m_PrefabAsset: {fileID: 0}
  m_GameObject: {fileID: 1488468992721218}
  m_Enabled: 1
  m_EditorHideFlags: 0
  m_Script: {fileID: 11500000, guid: 8d13d63090ca3f942b327ae131eec5a0, type: 3}
  m_Name:
  m_EditorClassIdentifier:
  m_persistent: 1
  m_distant: 0
  m_type: 2
  m_syncInitialScale: 0
--- !u!114 &114534942859684000
MonoBehaviour:
  m_CorrespondingSourceObject: {fileID: 0}
  m_PrefabInstance: {fileID: 100100000}
  m_PrefabAsset: {fileID: 0}
  m_GameObject: {fileID: 1488468992721218}
  m_Enabled: 1
  m_EditorHideFlags: 0
  m_Script: {fileID: 11500000, guid: 3971d5aeabc92544cb1deab28458dc77, type: 3}
  m_Name:
  m_EditorClassIdentifier:
  m_new: {fileID: 1256945519348089}
  m_worn: {fileID: 1256945519348089}
  m_broken: {fileID: 1256945519348089}
  m_wet: {fileID: 0}
  m_noRoofWear: 1
  m_noSupportWear: 1
  m_materialType: 0
  m_supports: 0
  m_comOffset: {x: 0, y: 0, z: 0}
  m_health: 100
  m_damages:
    m_blunt: 0
    m_slash: 0
    m_pierce: 1
    m_chop: 2
    m_pickaxe: 0
    m_fire: 0
    m_frost: 1
    m_lightning: 0
    m_poison: 3
    m_spirit: 3
  m_hitNoise: 0
  m_destroyNoise: 0
  m_destroyedEffect:
    m_effectPrefabs:
    - m_prefab: {fileID: 1286009061253838, guid: 9410b2e6398ea6845923882b463cadf0, type: 2}
      m_enabled: 1
      m_variant: -1
      m_attach: 0
      m_inheritParentRotation: 0
      m_inheritParentScale: 0
      m_randomRotation: 0
      m_scale: 0
      m_childTransform:
    - m_prefab: {fileID: 1552716516896563, guid: 6489fc8c73610324482f073b1303e44f, type: 2}
      m_enabled: 1
      m_variant: -1
      m_attach: 0
      m_inheritParentRotation: 0
      m_inheritParentScale: 0
      m_randomRotation: 0
      m_scale: 0
      m_childTransform:
  m_hitEffect:
    m_effectPrefabs:
    - m_prefab: {fileID: 1286009061253838, guid: 9410b2e6398ea6845923882b463cadf0, type: 2}
      m_enabled: 1
      m_variant: -1
      m_attach: 0
      m_inheritParentRotation: 0
      m_inheritParentScale: 0
      m_randomRotation: 0
      m_scale: 0
      m_childTransform:
  m_switchEffect:
    m_effectPrefabs: []
  m_autoCreateFragments: 0
  m_fragmentRoots: []
--- !u!114 &114855995497981447
MonoBehaviour:
  m_CorrespondingSourceObject: {fileID: 0}
  m_PrefabInstance: {fileID: 100100000}
  m_PrefabAsset: {fileID: 0}
  m_GameObject: {fileID: 1488468992721218}
  m_Enabled: 1
  m_EditorHideFlags: 0
  m_Script: {fileID: 11500000, guid: c1a27d442193f7449ac6507e68353922, type: 3}
  m_Name:
  m_EditorClassIdentifier:
  m_craftingStation: {fileID: 114297578135988956, guid: a7e567619ee7df1489e21af2212f5d20, type: 2}
  m_maxStationDistance: 2
  m_connectionPrefab: {fileID: 1117326228923947, guid: 2a3ba5aec43c7b04fa0dc135985e8373, type: 2}
  m_connectionOffset: {x: 0, y: 1.8, z: 0}
--- !u!1 &1256945519348089
GameObject:
  m_CorrespondingSourceObject: {fileID: 0}
  m_PrefabInstance: {fileID: 100100000}
  m_PrefabAsset: {fileID: 0}
  serializedVersion: 5
  m_Component:
  - component: {fileID: 4102987680812810}
  - component: {fileID: 205571762111728300}
  m_Layer: 10
  m_Name: new
  m_TagString: Untagged
  m_Icon: {fileID: 0}
  m_NavMeshLayer: 0
  m_StaticEditorFlags: 0
  m_IsActive: 1
--- !u!4 &4102987680812810
Transform:
  m_CorrespondingSourceObject: {fileID: 0}
  m_PrefabInstance: {fileID: 100100000}
  m_PrefabAsset: {fileID: 0}
  m_GameObject: {fileID: 1256945519348089}
  m_LocalRotation: {x: 0, y: 0, z: 0, w: 1}
  m_LocalPosition: {x: 0, y: 0, z: 0}
  m_LocalScale: {x: 1, y: 1, z: 1}
  m_Children:
  - {fileID: 4975002368497580}
  m_Father: {fileID: 4669365794164224}
  m_RootOrder: 0
  m_LocalEulerAnglesHint: {x: 0, y: 0, z: 0}
--- !u!205 &205571762111728300
LODGroup:
  m_CorrespondingSourceObject: {fileID: 0}
  m_PrefabInstance: {fileID: 100100000}
  m_PrefabAsset: {fileID: 0}
  m_GameObject: {fileID: 1256945519348089}
  serializedVersion: 2
  m_LocalReferencePoint: {x: -0.05721563, y: 0.9506576, z: 5.960464E-07}
  m_Size: 1.906066
  m_FadeMode: 0
  m_AnimateCrossFading: 1
  m_LastLODIsBillboard: 0
  m_LODs:
  - screenRelativeHeight: 0.04594445
    fadeTransitionWidth: 0
    renderers:
    - renderer: {fileID: 23200503252985290}
  m_Enabled: 1
--- !u!1 &1333557511599192
GameObject:
  m_CorrespondingSourceObject: {fileID: 0}
  m_PrefabInstance: {fileID: 100100000}
  m_PrefabAsset: {fileID: 0}
  serializedVersion: 5
  m_Component:
  - component: {fileID: 4975002368497580}
  - component: {fileID: 33452585751473212}
  - component: {fileID: 23200503252985290}
  - component: {fileID: 65536245337703894}
  - component: {fileID: 64707862562025750}
  m_Layer: 10
  m_Name: fi_vil_forge_bellow1
  m_TagString: Untagged
  m_Icon: {fileID: 0}
  m_NavMeshLayer: 0
  m_StaticEditorFlags: 0
  m_IsActive: 1
--- !u!4 &4975002368497580
Transform:
  m_CorrespondingSourceObject: {fileID: 0}
  m_PrefabInstance: {fileID: 100100000}
  m_PrefabAsset: {fileID: 0}
  m_GameObject: {fileID: 1333557511599192}
  m_LocalRotation: {x: 0, y: 0, z: 0, w: 1}
  m_LocalPosition: {x: 0, y: 0, z: 0}
  m_LocalScale: {x: 1, y: 1, z: 1}
  m_Children: []
  m_Father: {fileID: 4102987680812810}
  m_RootOrder: 0
  m_LocalEulerAnglesHint: {x: 0, y: 0, z: 0}
--- !u!33 &33452585751473212
MeshFilter:
  m_CorrespondingSourceObject: {fileID: 0}
  m_PrefabInstance: {fileID: 100100000}
  m_PrefabAsset: {fileID: 0}
  m_GameObject: {fileID: 1333557511599192}
  m_Mesh: {fileID: 4300000, guid: 1311c12c23a226b47a4400898f4ede61, type: 2}
--- !u!23 &23200503252985290
MeshRenderer:
  m_CorrespondingSourceObject: {fileID: 0}
  m_PrefabInstance: {fileID: 100100000}
  m_PrefabAsset: {fileID: 0}
  m_GameObject: {fileID: 1333557511599192}
  m_Enabled: 1
  m_CastShadows: 1
  m_ReceiveShadows: 1
  m_DynamicOccludee: 1
  m_MotionVectors: 1
  m_LightProbeUsage: 1
  m_ReflectionProbeUsage: 1
  m_RayTracingMode: 2
  m_RenderingLayerMask: 1
  m_RendererPriority: 0
  m_Materials:
  - {fileID: 2100000, guid: ad7d14f1bd1cebe46aadb51641738784, type: 2}
  m_StaticBatchInfo:
    firstSubMesh: 0
    subMeshCount: 0
  m_StaticBatchRoot: {fileID: 0}
  m_ProbeAnchor: {fileID: 0}
  m_LightProbeVolumeOverride: {fileID: 0}
  m_ScaleInLightmap: 1
  m_ReceiveGI: 1
  m_PreserveUVs: 0
  m_IgnoreNormalsForChartDetection: 0
  m_ImportantGI: 0
  m_StitchLightmapSeams: 0
  m_SelectedEditorRenderState: 3
  m_MinimumChartSize: 4
  m_AutoUVMaxDistance: 0.5
  m_AutoUVMaxAngle: 89
  m_LightmapParameters: {fileID: 0}
  m_SortingLayerID: 0
  m_SortingLayer: 0
  m_SortingOrder: 0
--- !u!65 &65536245337703894
BoxCollider:
  m_CorrespondingSourceObject: {fileID: 0}
  m_PrefabInstance: {fileID: 100100000}
  m_PrefabAsset: {fileID: 0}
  m_GameObject: {fileID: 1333557511599192}
  m_Material: {fileID: 0}
  m_IsTrigger: 0
  m_Enabled: 0
  serializedVersion: 2
  m_Size: {x: 1, y: 1.639528, z: 1.594603}
  m_Center: {x: 0, y: 0.8173883, z: 5.960464E-07}
--- !u!64 &64707862562025750
MeshCollider:
  m_CorrespondingSourceObject: {fileID: 0}
  m_PrefabInstance: {fileID: 100100000}
  m_PrefabAsset: {fileID: 0}
  m_GameObject: {fileID: 1333557511599192}
  m_Material: {fileID: 0}
  m_IsTrigger: 0
  m_Enabled: 1
  serializedVersion: 4
  m_Convex: 1
  m_CookingOptions: 30
  m_SkinWidth: 0.01
  m_Mesh: {fileID: 4300000, guid: 1311c12c23a226b47a4400898f4ede61, type: 2}
