%YAML 1.1
%TAG !u! tag:unity3d.com,2011:
--- !u!1001 &100100000
PrefabInstance:
  serializedVersion: 2
  m_RootGameObject: {fileID: 1280638897605826}
  m_Modification:
    m_TransformParent: {fileID: 0}
    m_Modifications: []
    m_RemovedComponents: []
  m_SourcePrefab: {fileID: 0}
--- !u!1 &1280638897605826
GameObject:
  m_CorrespondingSourceObject: {fileID: 0}
  m_PrefabInstance: {fileID: 100100000}
  m_PrefabAsset: {fileID: 0}
  serializedVersion: 5
  m_Component:
  - component: {fileID: 4522846303853107}
  - component: {fileID: 136863599345552283}
  - component: {fileID: 54495205877364035}
  - component: {fileID: 114106987725591562}
  - component: {fileID: 114907406326934434}
  - component: {fileID: 114945387269934980}
  - component: {fileID: 114958456466579536}
  - component: {fileID: 114364428445782978}
  - component: {fileID: 114874186798299829}
  - component: {fileID: 114164222326850381}
  - component: {fileID: 114276769352561750}
  - component: {fileID: 114524340968351299}
  m_Layer: 9
  m_Name: Goblin
  m_TagString: Untagged
  m_Icon: {fileID: 0}
  m_NavMeshLayer: 0
  m_StaticEditorFlags: 0
  m_IsActive: 1
--- !u!4 &4522846303853107
Transform:
  m_CorrespondingSourceObject: {fileID: 0}
  m_PrefabInstance: {fileID: 100100000}
  m_PrefabAsset: {fileID: 0}
  m_GameObject: {fileID: 1280638897605826}
  m_LocalRotation: {x: 0, y: 0, z: 0, w: 1}
  m_LocalPosition: {x: 0, y: 50, z: 0}
  m_LocalScale: {x: 1, y: 1, z: 1}
  m_Children:
  - {fileID: 4246484282925179}
  - {fileID: 4440172859666531}
  m_Father: {fileID: 0}
  m_RootOrder: 0
  m_LocalEulerAnglesHint: {x: 0, y: 0, z: 0}
--- !u!136 &136863599345552283
CapsuleCollider:
  m_CorrespondingSourceObject: {fileID: 0}
  m_PrefabInstance: {fileID: 100100000}
  m_PrefabAsset: {fileID: 0}
  m_GameObject: {fileID: 1280638897605826}
  m_Material: {fileID: 13400000, guid: c9bbb846b6d478b4788dab4ce0911a93, type: 2}
  m_IsTrigger: 0
  m_Enabled: 1
  m_Radius: 0.4
  m_Height: 1.447968
  m_Direction: 1
  m_Center: {x: 0.02585423, y: 0.7239838, z: -0.02374452}
--- !u!54 &54495205877364035
Rigidbody:
  m_CorrespondingSourceObject: {fileID: 0}
  m_PrefabInstance: {fileID: 100100000}
  m_PrefabAsset: {fileID: 0}
  m_GameObject: {fileID: 1280638897605826}
  serializedVersion: 2
  m_Mass: 10
  m_Drag: 0
  m_AngularDrag: 0.05
  m_UseGravity: 1
  m_IsKinematic: 0
  m_Interpolate: 0
  m_Constraints: 112
  m_CollisionDetection: 0
--- !u!114 &114106987725591562
MonoBehaviour:
  m_CorrespondingSourceObject: {fileID: 0}
  m_PrefabInstance: {fileID: 100100000}
  m_PrefabAsset: {fileID: 0}
  m_GameObject: {fileID: 1280638897605826}
  m_Enabled: 1
  m_EditorHideFlags: 0
  m_Script: {fileID: 11500000, guid: 882089d018a4e7046bfd1a06af0a7282, type: 3}
  m_Name:
  m_EditorClassIdentifier:
  m_name: $enemy_goblin
  m_group:
  m_faction: 7
  m_boss: 0
  m_bossEvent:
  m_defeatSetGlobalKey:
  m_crouchSpeed: 2
  m_walkSpeed: 5
  m_speed: 2
  m_turnSpeed: 200
  m_runSpeed: 6
  m_runTurnSpeed: 200
  m_flySlowSpeed: 5
  m_flyFastSpeed: 12
  m_flyTurnSpeed: 12
  m_acceleration: 0.5
  m_jumpForce: 10
  m_jumpForceForward: 0
  m_jumpForceTiredFactor: 0.7
  m_airControl: 0.1
  m_canSwim: 1
  m_swimDepth: 0.8
  m_swimSpeed: 1.5
  m_swimTurnSpeed: 100
  m_swimAcceleration: 0.05
  m_groundTilt: 0
  m_flying: 0
  m_jumpStaminaUsage: 10
  m_eye: {fileID: 4246484282925179}
  m_hitEffects:
    m_effectPrefabs:
    - m_prefab: {fileID: 1410317633434741, guid: ccefe1b56f375804ea474cde6fc0af41, type: 2}
      m_enabled: 1
      m_variant: -1
      m_attach: 0
      m_inheritParentRotation: 0
      m_inheritParentScale: 0
      m_randomRotation: 0
      m_scale: 0
      m_childTransform:
    - m_prefab: {fileID: 1549588775140937, guid: 4b68621dacda41c4c8a9ab212742917b, type: 2}
      m_enabled: 1
      m_variant: -1
      m_attach: 0
      m_inheritParentRotation: 0
      m_inheritParentScale: 0
      m_randomRotation: 0
      m_scale: 0
      m_childTransform:
  m_critHitEffects:
    m_effectPrefabs:
    - m_prefab: {fileID: 1193272494661830, guid: 9a5351ce2767fe740ba6bd7518a12ebc, type: 2}
      m_enabled: 1
      m_variant: -1
      m_attach: 0
      m_inheritParentRotation: 0
      m_inheritParentScale: 0
      m_randomRotation: 0
      m_scale: 0
      m_childTransform:
  m_backstabHitEffects:
    m_effectPrefabs:
    - m_prefab: {fileID: 1071539778213133, guid: 9cff6e4fdf7ba8044868a6c19080fb3d, type: 2}
      m_enabled: 1
      m_variant: -1
      m_attach: 0
      m_inheritParentRotation: 0
      m_inheritParentScale: 0
      m_randomRotation: 0
      m_scale: 0
      m_childTransform:
  m_deathEffects:
    m_effectPrefabs:
    - m_prefab: {fileID: 1240032245490246, guid: a1fa10aa93cfe4f4fb21f3f82397186e, type: 2}
      m_enabled: 1
      m_variant: -1
      m_attach: 0
      m_inheritParentRotation: 0
      m_inheritParentScale: 0
      m_randomRotation: 0
      m_scale: 0
      m_childTransform:
    - m_prefab: {fileID: 1610571896898952, guid: f5805a053d601ba4c91d58c89654425a, type: 2}
      m_enabled: 1
      m_variant: -1
      m_attach: 0
      m_inheritParentRotation: 0
      m_inheritParentScale: 0
      m_randomRotation: 0
      m_scale: 0
      m_childTransform:
    - m_prefab: {fileID: 1371880026373109, guid: f3d4ee3116f52574b894293818d23231, type: 2}
      m_enabled: 1
      m_variant: -1
      m_attach: 0
      m_inheritParentRotation: 0
      m_inheritParentScale: 0
      m_randomRotation: 0
      m_scale: 0
      m_childTransform:
  m_waterEffects:
    m_effectPrefabs:
    - m_prefab: {fileID: 1155668354953235, guid: 96c1c5a0fbb2de34aa0d27a362a67bec, type: 2}
      m_enabled: 1
      m_variant: -1
      m_attach: 1
      m_inheritParentRotation: 0
      m_inheritParentScale: 0
      m_randomRotation: 0
      m_scale: 0
      m_childTransform:
  m_tarEffects:
    m_effectPrefabs:
    - m_prefab: {fileID: 1892212296449353, guid: 730c70603b007404db39d3b565c75069, type: 2}
      m_enabled: 1
      m_variant: -1
      m_attach: 1
      m_inheritParentRotation: 0
      m_inheritParentScale: 0
      m_randomRotation: 0
      m_scale: 0
      m_childTransform:
  m_slideEffects:
    m_effectPrefabs: []
  m_jumpEffects:
    m_effectPrefabs: []
  m_tolerateWater: 1
  m_tolerateFire: 0
  m_tolerateSmoke: 0
  m_tolerateTar: 0
  m_health: 175
  m_damageModifiers:
    m_blunt: 0
    m_slash: 0
    m_pierce: 0
    m_chop: 4
    m_pickaxe: 4
    m_fire: 0
    m_frost: 0
    m_lightning: 0
    m_poison: 0
    m_spirit: 3
  m_staggerWhenBlocked: 1
  m_staggerDamageFactor: 0.3
  m_equipStaminaDrain: 10
  m_blockStaminaDrain: 25
  m_defaultItems:
  - {fileID: 1859850174459783, guid: a4a9023388df8644b89d670904200c35, type: 2}
  m_randomWeapon:
  - {fileID: 1764971993766675, guid: b0f9215106d188244a5f7ffd80b01477, type: 2}
  - {fileID: 1764971993766675, guid: b0f9215106d188244a5f7ffd80b01477, type: 2}
  - {fileID: 1985934731437335, guid: 37eac9e633017af48a1f77a25b7163e4, type: 2}
  - {fileID: 1166692715063767, guid: 25e038345272b904aa765bb21f1f7681, type: 2}
  - {fileID: 1166692715063767, guid: 25e038345272b904aa765bb21f1f7681, type: 2}
  - {fileID: 1084883724192345, guid: 371ded64704b34d48b8f76a402d5d629, type: 2}
  m_randomArmor:
  - {fileID: 1921404431722745, guid: eff86d0d10e7ed243aca9adb55f92425, type: 2}
  - {fileID: 1947102245076214, guid: 8b2137f8e0e8b0a4cbeac5b61aa0c23e, type: 2}
  - {fileID: 1589922071578965, guid: 8719c22a08b41e44fa8b0b5d09f8e4f2, type: 2}
  - {fileID: 1729385038796764, guid: a2b94e4e128ca34468b390251d1de115, type: 2}
  m_randomShield:
  - {fileID: 1804097892214563, guid: caac7997033c9a34fb96b8ff2a462727, type: 2}
  - {fileID: 0}
  - {fileID: 0}
  m_randomSets: []
  m_unarmedWeapon: {fileID: 0}
  m_pickupEffects:
    m_effectPrefabs: []
  m_dropEffects:
    m_effectPrefabs: []
  m_consumeItemEffects:
    m_effectPrefabs: []
  m_equipEffects:
    m_effectPrefabs: []
  m_perfectBlockEffect:
    m_effectPrefabs: []
--- !u!114 &114907406326934434
MonoBehaviour:
  m_CorrespondingSourceObject: {fileID: 0}
  m_PrefabInstance: {fileID: 100100000}
  m_PrefabAsset: {fileID: 0}
  m_GameObject: {fileID: 1280638897605826}
  m_Enabled: 1
  m_EditorHideFlags: 0
  m_Script: {fileID: 11500000, guid: 8d13d63090ca3f942b327ae131eec5a0, type: 3}
  m_Name:
  m_EditorClassIdentifier:
  m_persistent: 1
  m_distant: 0
  m_type: 0
  m_syncInitialScale: 0
--- !u!114 &114945387269934980
MonoBehaviour:
  m_CorrespondingSourceObject: {fileID: 0}
  m_PrefabInstance: {fileID: 100100000}
  m_PrefabAsset: {fileID: 0}
  m_GameObject: {fileID: 1280638897605826}
  m_Enabled: 1
  m_EditorHideFlags: 0
  m_Script: {fileID: 11500000, guid: 11e1576937b9e9341b3d0ceb138d6e14, type: 3}
  m_Name:
  m_EditorClassIdentifier:
  m_syncPosition: 1
  m_syncRotation: 1
  m_syncScale: 0
  m_syncBodyVelocity: 0
  m_characterParentSync: 0
--- !u!114 &114958456466579536
MonoBehaviour:
  m_CorrespondingSourceObject: {fileID: 0}
  m_PrefabInstance: {fileID: 100100000}
  m_PrefabAsset: {fileID: 0}
  m_GameObject: {fileID: 1280638897605826}
  m_Enabled: 1
  m_EditorHideFlags: 0
  m_Script: {fileID: 11500000, guid: a802ec82669cda048b5675bd0f37c1c5, type: 3}
  m_Name:
  m_EditorClassIdentifier:
  m_syncBools:
  - alert
  - inWater
  m_syncFloats:
  - forward_speed
  - sideway_speed
  - turn_speed
  m_syncInts:
  - idle
  m_smoothCharacterSpeeds: 1
--- !u!114 &114364428445782978
MonoBehaviour:
  m_CorrespondingSourceObject: {fileID: 0}
  m_PrefabInstance: {fileID: 100100000}
  m_PrefabAsset: {fileID: 0}
  m_GameObject: {fileID: 1280638897605826}
  m_Enabled: 1
  m_EditorHideFlags: 0
  m_Script: {fileID: 11500000, guid: 6612aa602f2d46b46aacb62f7b3946b5, type: 3}
  m_Name:
  m_EditorClassIdentifier:
  m_viewRange: 30
  m_viewAngle: 90
  m_hearRange: 9999
  m_alertedEffects:
    m_effectPrefabs:
    - m_prefab: {fileID: 1852220234248901, guid: 0f24a85425744c849bfa67516f949525, type: 2}
      m_enabled: 1
      m_variant: -1
      m_attach: 0
      m_inheritParentRotation: 0
      m_inheritParentScale: 0
      m_randomRotation: 0
      m_scale: 0
      m_childTransform:
  m_idleSound:
    m_effectPrefabs:
    - m_prefab: {fileID: 1959974864588208, guid: f666512165c738342a2f3af76bedd4be, type: 2}
      m_enabled: 1
      m_variant: -1
      m_attach: 0
      m_inheritParentRotation: 0
      m_inheritParentScale: 0
      m_randomRotation: 0
      m_scale: 0
      m_childTransform:
  m_idleSoundInterval: 10
  m_idleSoundChance: 0.5
  m_pathAgentType: 1
  m_moveMinAngle: 90
  m_smoothMovement: 1
  m_serpentMovement: 0
  m_serpentTurnRadius: 20
  m_jumpInterval: 0
  m_randomCircleInterval: 2
  m_randomMoveInterval: 30
  m_randomMoveRange: 3
  m_randomFly: 0
  m_chanceToTakeoff: 1
  m_chanceToLand: 1
  m_groundDuration: 10
  m_airDuration: 10
  m_maxLandAltitude: 5
  m_flyAltitudeMin: 3
  m_flyAltitudeMax: 10
  m_takeoffTime: 5
  m_avoidFire: 0
  m_afraidOfFire: 0
  m_avoidWater: 1
  m_spawnMessage:
  m_deathMessage:
  m_alertRange: 20
  m_fleeIfHurtWhenTargetCantBeReached: 1
  m_fleeIfNotAlerted: 0
  m_fleeIfLowHealth: 0
  m_circulateWhileCharging: 1
  m_circulateWhileChargingFlying: 0
  m_enableHuntPlayer: 0
  m_attackPlayerObjects: 1
  m_interceptTimeMax: 2
  m_interceptTimeMin: 0
  m_maxChaseDistance: 300
  m_minAttackInterval: 0
  m_circleTargetInterval: 10
  m_circleTargetDuration: 3
  m_circleTargetDistance: 5
  m_sleeping: 0
  m_noiseWakeup: 0
  m_noiseRangeScale: 1
  m_wakeupRange: 5
  m_wakeupEffects:
    m_effectPrefabs: []
  m_avoidLand: 0
  m_consumeItems: []
  m_consumeRange: 2
  m_consumeSearchRange: 5
  m_consumeSearchInterval: 10
--- !u!114 &114874186798299829
MonoBehaviour:
  m_CorrespondingSourceObject: {fileID: 0}
  m_PrefabInstance: {fileID: 100100000}
  m_PrefabAsset: {fileID: 0}
  m_GameObject: {fileID: 1280638897605826}
  m_Enabled: 1
  m_EditorHideFlags: 0
  m_Script: {fileID: 11500000, guid: 41abc9bfa4428a548aa6aa189c08e211, type: 3}
  m_Name:
  m_EditorClassIdentifier:
  m_spawnOffset: {x: 0, y: 0, z: 0}
  m_drops:
  - m_prefab: {fileID: 1715511214275898, guid: d7fc17f7d13102f46b8e2af4c0778c20, type: 2}
    m_amountMin: 5
    m_amountMax: 10
    m_chance: 0.25
    m_onePerPlayer: 0
    m_levelMultiplier: 1
  - m_prefab: {fileID: 1300072799598365, guid: 3563680a7a604cf4ab8f243208ab2108, type: 2}
    m_amountMin: 1
    m_amountMax: 2
    m_chance: 1
    m_onePerPlayer: 0
    m_levelMultiplier: 1
  - m_prefab: {fileID: 1822444544538647, guid: 6c5cfe91be982d245a5a80117fc53145, type: 2}
    m_amountMin: 1
    m_amountMax: 1
    m_chance: 0.1
    m_onePerPlayer: 0
    m_levelMultiplier: 0
--- !u!114 &114164222326850381
MonoBehaviour:
  m_CorrespondingSourceObject: {fileID: 0}
  m_PrefabInstance: {fileID: 100100000}
  m_PrefabAsset: {fileID: 0}
  m_GameObject: {fileID: 1280638897605826}
  m_Enabled: 1
  m_EditorHideFlags: 0
  m_Script: {fileID: 11500000, guid: 295f7072ad841f944a6f5300da2a197e, type: 3}
  m_Name:
  m_EditorClassIdentifier:
  m_values:
  - m_name: idle
    m_values: 5
    m_interval: 3
    m_floatValue: 0
    m_floatTransition: 1
--- !u!114 &114276769352561750
MonoBehaviour:
  m_CorrespondingSourceObject: {fileID: 0}
  m_PrefabInstance: {fileID: 100100000}
  m_PrefabAsset: {fileID: 0}
  m_GameObject: {fileID: 1280638897605826}
  m_Enabled: 1
  m_EditorHideFlags: 0
  m_Script: {fileID: 11500000, guid: 7b49165016a1da34e876bff0fc14633f, type: 3}
  m_Name:
  m_EditorClassIdentifier:
  m_bodyModel: {fileID: 137552566362522633}
  m_leftHand: {fileID: 4078556947024169}
  m_rightHand: {fileID: 4079239230711959}
  m_helmet: {fileID: 4939933639809463}
  m_backShield: {fileID: 0}
  m_backMelee: {fileID: 0}
  m_backTwohandedMelee: {fileID: 0}
  m_backBow: {fileID: 0}
  m_backTool: {fileID: 0}
  m_backAtgeir: {fileID: 0}
  m_clothColliders: []
  m_models: []
  m_isPlayer: 0
  m_useAllTrails: 0
--- !u!114 &114524340968351299
MonoBehaviour:
  m_CorrespondingSourceObject: {fileID: 0}
  m_PrefabInstance: {fileID: 100100000}
  m_PrefabAsset: {fileID: 0}
  m_GameObject: {fileID: 1280638897605826}
  m_Enabled: 1
  m_EditorHideFlags: 0
  m_Script: {fileID: 11500000, guid: df4408decf5459c4785b721d2a554ccf, type: 3}
  m_Name:
  m_EditorClassIdentifier:
  m_footstepCullDistance: 20
  m_effects:
  - m_name: walk
    m_motionType: 1
    m_material: 1
    m_effectPrefabs:
    - {fileID: 1343035836732730, guid: a71201d09deeec9479319f7753428bf7, type: 2}
  - m_name: run
    m_motionType: 2
    m_material: 1
    m_effectPrefabs:
    - {fileID: 1503300605028261, guid: 83e08743950e5034482508c5346c6800, type: 2}
  - m_name: shallow water
    m_motionType: 7
    m_material: 2
    m_effectPrefabs:
    - {fileID: 1947362053527235, guid: 8a59181f662afb54fb2749fb73247d6e, type: 2}
  - m_name: mud walk
    m_motionType: 5
    m_material: 32
    m_effectPrefabs:
    - {fileID: 1817401019773272, guid: 58949d8c3153d63468b81c90416ce68e, type: 2}
  - m_name: mud run
    m_motionType: 2
    m_material: 32
    m_effectPrefabs:
    - {fileID: 1867658108709381, guid: 397d7eb1b48f6a343ae3632b7354858b, type: 2}
  - m_name: swim
    m_motionType: 16
    m_material: 2
    m_effectPrefabs:
    - {fileID: 1666194940656648, guid: 695a11c34f186ca48836b16561a28d96, type: 2}
  - m_name: sneak
    m_motionType: 4
    m_material: 1
    m_effectPrefabs:
    - {fileID: 1677796963693082, guid: bc05e3da98461964e9469a78fe10dd53, type: 2}
  - m_name: climb
    m_motionType: 8
    m_material: 1
    m_effectPrefabs:
    - {fileID: 1333057043943392, guid: 95822e456a0333446b57f51da773455f, type: 2}
  - m_name: snow walk
    m_motionType: 5
    m_material: 16
    m_effectPrefabs:
    - {fileID: 1495195669590688, guid: 01dc81b3aa93ff84783719de66fa1f14, type: 2}
  - m_name: snow run
    m_motionType: 2
    m_material: 16
    m_effectPrefabs:
    - {fileID: 1842456872057413, guid: e94c98fba6921fd4a9880a2d50b688ff, type: 2}
  m_feet:
  - {fileID: 4231069701331678}
  - {fileID: 4588616963307313}
--- !u!1 &1758103088779762
GameObject:
  m_CorrespondingSourceObject: {fileID: 0}
  m_PrefabInstance: {fileID: 100100000}
  m_PrefabAsset: {fileID: 0}
  serializedVersion: 5
  m_Component:
  - component: {fileID: 4246484282925179}
  m_Layer: 9
  m_Name: EyePos
  m_TagString: Untagged
  m_Icon: {fileID: 0}
  m_NavMeshLayer: 0
  m_StaticEditorFlags: 0
  m_IsActive: 1
--- !u!4 &4246484282925179
Transform:
  m_CorrespondingSourceObject: {fileID: 0}
  m_PrefabInstance: {fileID: 100100000}
  m_PrefabAsset: {fileID: 0}
  m_GameObject: {fileID: 1758103088779762}
  m_LocalRotation: {x: 0, y: 0, z: 0, w: 1}
  m_LocalPosition: {x: 0, y: 1.32, z: 0}
  m_LocalScale: {x: 1, y: 1, z: 1}
  m_Children: []
  m_Father: {fileID: 4522846303853107}
  m_RootOrder: 0
  m_LocalEulerAnglesHint: {x: 0, y: 0, z: 0}
--- !u!1 &1252132384078749
GameObject:
  m_CorrespondingSourceObject: {fileID: 0}
  m_PrefabInstance: {fileID: 100100000}
  m_PrefabAsset: {fileID: 0}
  serializedVersion: 5
  m_Component:
  - component: {fileID: 4440172859666531}
  - component: {fileID: 95710132183844372}
  - component: {fileID: 114688753895863220}
  - component: {fileID: 205809575001269362}
  - component: {fileID: 114185906121715372}
  m_Layer: 9
  m_Name: Visual
  m_TagString: Untagged
  m_Icon: {fileID: 0}
  m_NavMeshLayer: 0
  m_StaticEditorFlags: 0
  m_IsActive: 1
--- !u!4 &4440172859666531
Transform:
  m_CorrespondingSourceObject: {fileID: 0}
  m_PrefabInstance: {fileID: 100100000}
  m_PrefabAsset: {fileID: 0}
  m_GameObject: {fileID: 1252132384078749}
  m_LocalRotation: {x: 0, y: 0, z: 0, w: 1}
  m_LocalPosition: {x: 0, y: 0, z: 0}
  m_LocalScale: {x: 1, y: 1, z: 1}
  m_Children:
  - {fileID: 4859872563248061}
  - {fileID: 4630566389461761}
  m_Father: {fileID: 4522846303853107}
  m_RootOrder: 1
  m_LocalEulerAnglesHint: {x: 0, y: 0, z: 0}
--- !u!95 &95710132183844372
Animator:
  serializedVersion: 3
  m_CorrespondingSourceObject: {fileID: 0}
  m_PrefabInstance: {fileID: 100100000}
  m_PrefabAsset: {fileID: 0}
  m_GameObject: {fileID: 1252132384078749}
  m_Enabled: 1
  m_Avatar: {fileID: 9000000, guid: 4256ce29b01419a49aef85ea91e4927b, type: 2}
  m_Controller: {fileID: 9100000, guid: 210fbc2c85f7b634badde064fb93d50e, type: 2}
  m_CullingMode: 1
  m_UpdateMode: 0
  m_ApplyRootMotion: 0
  m_LinearVelocityBlending: 0
  m_WarningMessage:
  m_HasTransformHierarchy: 1
  m_AllowConstantClipSamplingOptimization: 1
  m_KeepAnimatorControllerStateOnDisable: 0
--- !u!114 &114688753895863220
MonoBehaviour:
  m_CorrespondingSourceObject: {fileID: 0}
  m_PrefabInstance: {fileID: 100100000}
  m_PrefabAsset: {fileID: 0}
  m_GameObject: {fileID: 1252132384078749}
  m_Enabled: 1
  m_EditorHideFlags: 0
  m_Script: {fileID: 11500000, guid: 3bab968587be1b644897e144a2984da4, type: 3}
  m_Name:
  m_EditorClassIdentifier:
  m_footIK: 0
  m_footDownMax: 0.4
  m_footOffset: 0.1
  m_footStepHeight: 1
  m_stabalizeDistance: 0
  m_useFeetValues: 0
  m_feets: []
  m_headRotation: 1
  m_eyes: []
  m_lookWeight: 0.5
  m_bodyLookWeight: 0.1
  m_headLookWeight: 1
  m_eyeLookWeight: 0
  m_lookClamp: 0.5
  m_lookAt: {fileID: 0}
  m_femaleHack: 0
  m_leftShoulder: {fileID: 0}
  m_rightShoulder: {fileID: 0}
  m_femaleOffset: 0.0004
  m_maleOffset: 0.0007651657
--- !u!205 &205809575001269362
LODGroup:
  m_CorrespondingSourceObject: {fileID: 0}
  m_PrefabInstance: {fileID: 100100000}
  m_PrefabAsset: {fileID: 0}
  m_GameObject: {fileID: 1252132384078749}
  serializedVersion: 2
  m_LocalReferencePoint: {x: 0.04286468, y: 0.7416949, z: 0.03218907}
  m_Size: 1.666213
  m_FadeMode: 1
  m_AnimateCrossFading: 1
  m_LastLODIsBillboard: 0
  m_LODs:
  - screenRelativeHeight: 0.06053476
    fadeTransitionWidth: 0
    renderers:
    - renderer: {fileID: 137552566362522633}
  m_Enabled: 1
--- !u!114 &114185906121715372
MonoBehaviour:
  m_CorrespondingSourceObject: {fileID: 0}
  m_PrefabInstance: {fileID: 100100000}
  m_PrefabAsset: {fileID: 0}
  m_GameObject: {fileID: 1252132384078749}
  m_Enabled: 1
  m_EditorHideFlags: 0
  m_Script: {fileID: 11500000, guid: d70e634ff7b36364db4ef59048b5692c, type: 3}
  m_Name:
  m_EditorClassIdentifier:
  m_mainRender: {fileID: 137552566362522633}
  m_baseEnableObject: {fileID: 0}
  m_levelSetups:
  - m_scale: 1.1
    m_hue: -0.05
    m_saturation: 0
    m_value: 0
    m_enableObject: {fileID: 0}
  - m_scale: 1.2
    m_hue: -0.15
    m_saturation: 0
    m_value: 0
    m_enableObject: {fileID: 0}
--- !u!1 &1101381807012234
GameObject:
  m_CorrespondingSourceObject: {fileID: 0}
  m_PrefabInstance: {fileID: 100100000}
  m_PrefabAsset: {fileID: 0}
  serializedVersion: 5
  m_Component:
  - component: {fileID: 4859872563248061}
  m_Layer: 9
  m_Name: Armature
  m_TagString: Untagged
  m_Icon: {fileID: 0}
  m_NavMeshLayer: 0
  m_StaticEditorFlags: 0
  m_IsActive: 1
--- !u!4 &4859872563248061
Transform:
  m_CorrespondingSourceObject: {fileID: 0}
  m_PrefabInstance: {fileID: 100100000}
  m_PrefabAsset: {fileID: 0}
  m_GameObject: {fileID: 1101381807012234}
  m_LocalRotation: {x: 0.01420505, y: 0.7279657, z: 0.6835179, w: -0.05164881}
  m_LocalPosition: {x: 0.03096349, y: -0.003880386, z: 0.04042549}
  m_LocalScale: {x: 100, y: 100, z: 100}
  m_Children:
  - {fileID: 4698716082757878}
  m_Father: {fileID: 4440172859666531}
  m_RootOrder: 0
  m_LocalEulerAnglesHint: {x: 93.47099, y: 5.429214, z: 177.1255}
--- !u!1 &1562723275260431
GameObject:
  m_CorrespondingSourceObject: {fileID: 0}
  m_PrefabInstance: {fileID: 100100000}
  m_PrefabAsset: {fileID: 0}
  serializedVersion: 5
  m_Component:
  - component: {fileID: 4698716082757878}
  m_Layer: 9
  m_Name: Root
  m_TagString: Untagged
  m_Icon: {fileID: 0}
  m_NavMeshLayer: 0
  m_StaticEditorFlags: 0
  m_IsActive: 1
--- !u!4 &4698716082757878
Transform:
  m_CorrespondingSourceObject: {fileID: 0}
  m_PrefabInstance: {fileID: 100100000}
  m_PrefabAsset: {fileID: 0}
  m_GameObject: {fileID: 1562723275260431}
  m_LocalRotation: {x: 0.7248906, y: 0, z: 0, w: 0.688864}
  m_LocalPosition: {x: 0, y: 0, z: 0}
  m_LocalScale: {x: 1, y: 1, z: 1}
  m_Children:
  - {fileID: 4081701968380089}
  - {fileID: 4973291400303781}
  - {fileID: 4255377301684762}
  m_Father: {fileID: 4859872563248061}
  m_RootOrder: 0
  m_LocalEulerAnglesHint: {x: 92.9195, y: 0, z: 0}
--- !u!1 &1445507701901528
GameObject:
  m_CorrespondingSourceObject: {fileID: 0}
  m_PrefabInstance: {fileID: 100100000}
  m_PrefabAsset: {fileID: 0}
  serializedVersion: 5
  m_Component:
  - component: {fileID: 4081701968380089}
  m_Layer: 9
  m_Name: l_hip
  m_TagString: Untagged
  m_Icon: {fileID: 0}
  m_NavMeshLayer: 0
  m_StaticEditorFlags: 0
  m_IsActive: 1
--- !u!4 &4081701968380089
Transform:
  m_CorrespondingSourceObject: {fileID: 0}
  m_PrefabInstance: {fileID: 100100000}
  m_PrefabAsset: {fileID: 0}
  m_GameObject: {fileID: 1445507701901528}
  m_LocalRotation: {x: -0.5083773, y: -0.515423, z: -0.3086042, w: 0.6169726}
  m_LocalPosition: {x: 0, y: 0.005967395, z: 1.862645E-11}
  m_LocalScale: {x: 1, y: 0.9999999, z: 1}
  m_Children:
  - {fileID: 4490556717375700}
  m_Father: {fileID: 4698716082757878}
  m_RootOrder: 0
  m_LocalEulerAnglesHint: {x: -98.86369, y: 71.7645, z: -27.2456}
--- !u!1 &1571639715634672
GameObject:
  m_CorrespondingSourceObject: {fileID: 0}
  m_PrefabInstance: {fileID: 100100000}
  m_PrefabAsset: {fileID: 0}
  serializedVersion: 5
  m_Component:
  - component: {fileID: 4490556717375700}
  m_Layer: 9
  m_Name: l_leg0
  m_TagString: Untagged
  m_Icon: {fileID: 0}
  m_NavMeshLayer: 0
  m_StaticEditorFlags: 0
  m_IsActive: 1
--- !u!4 &4490556717375700
Transform:
  m_CorrespondingSourceObject: {fileID: 0}
  m_PrefabInstance: {fileID: 100100000}
  m_PrefabAsset: {fileID: 0}
  m_GameObject: {fileID: 1571639715634672}
  m_LocalRotation: {x: -0.624691, y: -0.2525066, z: 0.4058753, w: 0.6174681}
  m_LocalPosition: {x: -7.532831E-11, y: 0.001034231, z: -2.04891E-10}
  m_LocalScale: {x: 0.9999999, y: 0.9999998, z: 0.9999998}
  m_Children:
  - {fileID: 4004237393610850}
  m_Father: {fileID: 4081701968380089}
  m_RootOrder: 0
  m_LocalEulerAnglesHint: {x: -84.61723, y: -11.26013, z: -56.38091}
--- !u!1 &1885368807812387
GameObject:
  m_CorrespondingSourceObject: {fileID: 0}
  m_PrefabInstance: {fileID: 100100000}
  m_PrefabAsset: {fileID: 0}
  serializedVersion: 5
  m_Component:
  - component: {fileID: 4004237393610850}
  m_Layer: 9
  m_Name: l_leg1
  m_TagString: Untagged
  m_Icon: {fileID: 0}
  m_NavMeshLayer: 0
  m_StaticEditorFlags: 0
  m_IsActive: 1
--- !u!4 &4004237393610850
Transform:
  m_CorrespondingSourceObject: {fileID: 0}
  m_PrefabInstance: {fileID: 100100000}
  m_PrefabAsset: {fileID: 0}
  m_GameObject: {fileID: 1885368807812387}
  m_LocalRotation: {x: -0.1427139, y: 0.01282653, z: -0.04056205, w: 0.9888493}
  m_LocalPosition: {x: 7.217751E-11, y: 0.002737113, z: -4.440892E-18}
  m_LocalScale: {x: 1, y: 1, z: 1}
  m_Children:
  - {fileID: 4231069701331678}
  m_Father: {fileID: 4490556717375700}
  m_RootOrder: 0
  m_LocalEulerAnglesHint: {x: -16.45801, y: -0.7901033, z: 4.812114}
--- !u!1 &1968271295766272
GameObject:
  m_CorrespondingSourceObject: {fileID: 0}
  m_PrefabInstance: {fileID: 100100000}
  m_PrefabAsset: {fileID: 0}
  serializedVersion: 5
  m_Component:
  - component: {fileID: 4231069701331678}
  m_Layer: 9
  m_Name: l_foot
  m_TagString: Untagged
  m_Icon: {fileID: 0}
  m_NavMeshLayer: 0
  m_StaticEditorFlags: 0
  m_IsActive: 1
--- !u!4 &4231069701331678
Transform:
  m_CorrespondingSourceObject: {fileID: 0}
  m_PrefabInstance: {fileID: 100100000}
  m_PrefabAsset: {fileID: 0}
  m_GameObject: {fileID: 1968271295766272}
  m_LocalRotation: {x: 0.6939667, y: 0.04751121, z: 0.04354725, w: 0.7171169}
  m_LocalPosition: {x: 7.45058E-11, y: 0.003203454, z: -1.119155E-17}
  m_LocalScale: {x: 1, y: 1, z: 1}
  m_Children:
  - {fileID: 4784242027540382}
  m_Father: {fileID: 4004237393610850}
  m_RootOrder: 0
  m_LocalEulerAnglesHint: {x: 88.14863, y: -0.4412677, z: -7.377324}
--- !u!1 &1975882675489131
GameObject:
  m_CorrespondingSourceObject: {fileID: 0}
  m_PrefabInstance: {fileID: 100100000}
  m_PrefabAsset: {fileID: 0}
  serializedVersion: 5
  m_Component:
  - component: {fileID: 4784242027540382}
  m_Layer: 9
  m_Name: l_foot_end
  m_TagString: Untagged
  m_Icon: {fileID: 0}
  m_NavMeshLayer: 0
  m_StaticEditorFlags: 0
  m_IsActive: 1
--- !u!4 &4784242027540382
Transform:
  m_CorrespondingSourceObject: {fileID: 0}
  m_PrefabInstance: {fileID: 100100000}
  m_PrefabAsset: {fileID: 0}
  m_GameObject: {fileID: 1975882675489131}
  m_LocalRotation: {x: 0, y: 0, z: 0, w: 1}
  m_LocalPosition: {x: 0, y: 0.002175075, z: 0}
  m_LocalScale: {x: 1, y: 1, z: 1}
  m_Children: []
  m_Father: {fileID: 4231069701331678}
  m_RootOrder: 0
  m_LocalEulerAnglesHint: {x: 0, y: 0, z: 0}
--- !u!1 &1997856266875923
GameObject:
  m_CorrespondingSourceObject: {fileID: 0}
  m_PrefabInstance: {fileID: 100100000}
  m_PrefabAsset: {fileID: 0}
  serializedVersion: 5
  m_Component:
  - component: {fileID: 4973291400303781}
  m_Layer: 9
  m_Name: r_hip
  m_TagString: Untagged
  m_Icon: {fileID: 0}
  m_NavMeshLayer: 0
  m_StaticEditorFlags: 0
  m_IsActive: 1
--- !u!4 &4973291400303781
Transform:
  m_CorrespondingSourceObject: {fileID: 0}
  m_PrefabInstance: {fileID: 100100000}
  m_PrefabAsset: {fileID: 0}
  m_GameObject: {fileID: 1997856266875923}
  m_LocalRotation: {x: -0.5083773, y: 0.515423, z: 0.3086042, w: 0.6169726}
  m_LocalPosition: {x: 0, y: 0.005967395, z: 1.862645E-11}
  m_LocalScale: {x: 1, y: 0.9999999, z: 1}
  m_Children:
  - {fileID: 4655852015340650}
  m_Father: {fileID: 4698716082757878}
  m_RootOrder: 1
  m_LocalEulerAnglesHint: {x: -98.86369, y: -71.7645, z: 27.2456}
--- !u!1 &1556963613183505
GameObject:
  m_CorrespondingSourceObject: {fileID: 0}
  m_PrefabInstance: {fileID: 100100000}
  m_PrefabAsset: {fileID: 0}
  serializedVersion: 5
  m_Component:
  - component: {fileID: 4655852015340650}
  m_Layer: 9
  m_Name: r_leg0
  m_TagString: Untagged
  m_Icon: {fileID: 0}
  m_NavMeshLayer: 0
  m_StaticEditorFlags: 0
  m_IsActive: 1
--- !u!4 &4655852015340650
Transform:
  m_CorrespondingSourceObject: {fileID: 0}
  m_PrefabInstance: {fileID: 100100000}
  m_PrefabAsset: {fileID: 0}
  m_GameObject: {fileID: 1556963613183505}
  m_LocalRotation: {x: 0.7034434, y: -0.2800334, z: 0.4476331, w: -0.475787}
  m_LocalPosition: {x: 7.532831E-11, y: 0.001034231, z: -2.04891E-10}
  m_LocalScale: {x: 0.9999999, y: 0.9999998, z: 0.9999998}
  m_Children:
  - {fileID: 4477081965543766}
  m_Father: {fileID: 4973291400303781}
  m_RootOrder: 0
  m_LocalEulerAnglesHint: {x: -99.04713, y: 21.30279, z: 61.64996}
--- !u!1 &1977982759046117
GameObject:
  m_CorrespondingSourceObject: {fileID: 0}
  m_PrefabInstance: {fileID: 100100000}
  m_PrefabAsset: {fileID: 0}
  serializedVersion: 5
  m_Component:
  - component: {fileID: 4477081965543766}
  m_Layer: 9
  m_Name: r_leg1
  m_TagString: Untagged
  m_Icon: {fileID: 0}
  m_NavMeshLayer: 0
  m_StaticEditorFlags: 0
  m_IsActive: 1
--- !u!4 &4477081965543766
Transform:
  m_CorrespondingSourceObject: {fileID: 0}
  m_PrefabInstance: {fileID: 100100000}
  m_PrefabAsset: {fileID: 0}
  m_GameObject: {fileID: 1977982759046117}
  m_LocalRotation: {x: -0.0310945, y: -0.08372039, z: 0.03254489, w: 0.9954722}
  m_LocalPosition: {x: -7.217751E-11, y: 0.002737113, z: -4.440892E-18}
  m_LocalScale: {x: 1, y: 1, z: 1}
  m_Children:
  - {fileID: 4588616963307313}
  m_Father: {fileID: 4655852015340650}
  m_RootOrder: 0
  m_LocalEulerAnglesHint: {x: -3.915711, y: 9.477408, z: -4.069717}
--- !u!1 &1761873878490846
GameObject:
  m_CorrespondingSourceObject: {fileID: 0}
  m_PrefabInstance: {fileID: 100100000}
  m_PrefabAsset: {fileID: 0}
  serializedVersion: 5
  m_Component:
  - component: {fileID: 4588616963307313}
  m_Layer: 9
  m_Name: r_foot
  m_TagString: Untagged
  m_Icon: {fileID: 0}
  m_NavMeshLayer: 0
  m_StaticEditorFlags: 0
  m_IsActive: 1
--- !u!4 &4588616963307313
Transform:
  m_CorrespondingSourceObject: {fileID: 0}
  m_PrefabInstance: {fileID: 100100000}
  m_PrefabAsset: {fileID: 0}
  m_GameObject: {fileID: 1761873878490846}
  m_LocalRotation: {x: 0.7062416, y: -0.03089955, z: -0.01394629, w: 0.7071587}
  m_LocalPosition: {x: -7.45058E-11, y: 0.003203454, z: -1.119155E-17}
  m_LocalScale: {x: 1, y: 1, z: 1}
  m_Children:
  - {fileID: 4392404243462426}
  m_Father: {fileID: 4477081965543766}
  m_RootOrder: 0
  m_LocalEulerAnglesHint: {x: 89.96928, y: 1.375395, z: 3.634292}
--- !u!1 &1829823782962916
GameObject:
  m_CorrespondingSourceObject: {fileID: 0}
  m_PrefabInstance: {fileID: 100100000}
  m_PrefabAsset: {fileID: 0}
  serializedVersion: 5
  m_Component:
  - component: {fileID: 4392404243462426}
  m_Layer: 9
  m_Name: r_foot_end
  m_TagString: Untagged
  m_Icon: {fileID: 0}
  m_NavMeshLayer: 0
  m_StaticEditorFlags: 0
  m_IsActive: 1
--- !u!4 &4392404243462426
Transform:
  m_CorrespondingSourceObject: {fileID: 0}
  m_PrefabInstance: {fileID: 100100000}
  m_PrefabAsset: {fileID: 0}
  m_GameObject: {fileID: 1829823782962916}
  m_LocalRotation: {x: 0, y: 0, z: 0, w: 1}
  m_LocalPosition: {x: 0, y: 0.002175075, z: 0}
  m_LocalScale: {x: 1, y: 1, z: 1}
  m_Children: []
  m_Father: {fileID: 4588616963307313}
  m_RootOrder: 0
  m_LocalEulerAnglesHint: {x: 0, y: 0, z: 0}
--- !u!1 &1062975668442486
GameObject:
  m_CorrespondingSourceObject: {fileID: 0}
  m_PrefabInstance: {fileID: 100100000}
  m_PrefabAsset: {fileID: 0}
  serializedVersion: 5
  m_Component:
  - component: {fileID: 4255377301684762}
  m_Layer: 9
  m_Name: spine1
  m_TagString: Untagged
  m_Icon: {fileID: 0}
  m_NavMeshLayer: 0
  m_StaticEditorFlags: 0
  m_IsActive: 1
--- !u!4 &4255377301684762
Transform:
  m_CorrespondingSourceObject: {fileID: 0}
  m_PrefabInstance: {fileID: 100100000}
  m_PrefabAsset: {fileID: 0}
  m_GameObject: {fileID: 1062975668442486}
  m_LocalRotation: {x: -0.06209423, y: -0.01244609, z: 0.01965352, w: 0.9977992}
  m_LocalPosition: {x: 0, y: 0.005967395, z: 1.862645E-11}
  m_LocalScale: {x: 1, y: 0.9999999, z: 0.9999999}
  m_Children:
  - {fileID: 4424709923539788}
  m_Father: {fileID: 4698716082757878}
  m_RootOrder: 2
  m_LocalEulerAnglesHint: {x: -7.148162, y: 1.283341, z: -2.336965}
--- !u!1 &1661432055241334
GameObject:
  m_CorrespondingSourceObject: {fileID: 0}
  m_PrefabInstance: {fileID: 100100000}
  m_PrefabAsset: {fileID: 0}
  serializedVersion: 5
  m_Component:
  - component: {fileID: 4424709923539788}
  m_Layer: 9
  m_Name: spine2
  m_TagString: Untagged
  m_Icon: {fileID: 0}
  m_NavMeshLayer: 0
  m_StaticEditorFlags: 0
  m_IsActive: 1
--- !u!4 &4424709923539788
Transform:
  m_CorrespondingSourceObject: {fileID: 0}
  m_PrefabInstance: {fileID: 100100000}
  m_PrefabAsset: {fileID: 0}
  m_GameObject: {fileID: 1661432055241334}
  m_LocalRotation: {x: 0.03661062, y: -0.002394213, z: 0.01366202, w: 0.9992334}
  m_LocalPosition: {x: 0, y: 0.001758291, z: 1.862645E-11}
  m_LocalScale: {x: 1, y: 0.9999999, z: 0.9999999}
  m_Children:
  - {fileID: 4510014493311629}
  m_Father: {fileID: 4255377301684762}
  m_RootOrder: 0
  m_LocalEulerAnglesHint: {x: 4.192112, y: 0.331464, z: -1.554524}
--- !u!1 &1104259793937453
GameObject:
  m_CorrespondingSourceObject: {fileID: 0}
  m_PrefabInstance: {fileID: 100100000}
  m_PrefabAsset: {fileID: 0}
  serializedVersion: 5
  m_Component:
  - component: {fileID: 4510014493311629}
  m_Layer: 9
  m_Name: spine3
  m_TagString: Untagged
  m_Icon: {fileID: 0}
  m_NavMeshLayer: 0
  m_StaticEditorFlags: 0
  m_IsActive: 1
--- !u!4 &4510014493311629
Transform:
  m_CorrespondingSourceObject: {fileID: 0}
  m_PrefabInstance: {fileID: 100100000}
  m_PrefabAsset: {fileID: 0}
  m_GameObject: {fileID: 1104259793937453}
  m_LocalRotation: {x: -0.03443064, y: -0.002284845, z: 0.01375034, w: 0.9993099}
  m_LocalPosition: {x: 8.881784E-18, y: 0.001873683, z: -3.72529E-11}
  m_LocalScale: {x: 1, y: 1, z: 0.9999999}
  m_Children:
  - {fileID: 4169218018882911}
  - {fileID: 4013600215408670}
  - {fileID: 4758960181279144}
  m_Father: {fileID: 4424709923539788}
  m_RootOrder: 0
  m_LocalEulerAnglesHint: {x: -3.949491, y: 0.2073923, z: -1.583812}
--- !u!1 &1547447619151598
GameObject:
  m_CorrespondingSourceObject: {fileID: 0}
  m_PrefabInstance: {fileID: 100100000}
  m_PrefabAsset: {fileID: 0}
  serializedVersion: 5
  m_Component:
  - component: {fileID: 4169218018882911}
  m_Layer: 9
  m_Name: l_shoulder
  m_TagString: Untagged
  m_Icon: {fileID: 0}
  m_NavMeshLayer: 0
  m_StaticEditorFlags: 0
  m_IsActive: 1
--- !u!4 &4169218018882911
Transform:
  m_CorrespondingSourceObject: {fileID: 0}
  m_PrefabInstance: {fileID: 100100000}
  m_PrefabAsset: {fileID: 0}
  m_GameObject: {fileID: 1547447619151598}
  m_LocalRotation: {x: 0.6826395, y: 0.3382135, z: 0.4855317, w: -0.4288051}
  m_LocalPosition: {x: -8.054393E-19, y: 0.001593156, z: -9.313226E-12}
  m_LocalScale: {x: 1, y: 1, z: 1}
  m_Children:
  - {fileID: 4909354656292766}
  m_Father: {fileID: 4510014493311629}
  m_RootOrder: 0
  m_LocalEulerAnglesHint: {x: -122.0275, y: 72.35288, z: -8.605092}
--- !u!1 &1307824626912156
GameObject:
  m_CorrespondingSourceObject: {fileID: 0}
  m_PrefabInstance: {fileID: 100100000}
  m_PrefabAsset: {fileID: 0}
  serializedVersion: 5
  m_Component:
  - component: {fileID: 4909354656292766}
  m_Layer: 9
  m_Name: l_upperarm
  m_TagString: Untagged
  m_Icon: {fileID: 0}
  m_NavMeshLayer: 0
  m_StaticEditorFlags: 0
  m_IsActive: 1
--- !u!4 &4909354656292766
Transform:
  m_CorrespondingSourceObject: {fileID: 0}
  m_PrefabInstance: {fileID: 100100000}
  m_PrefabAsset: {fileID: 0}
  m_GameObject: {fileID: 1307824626912156}
  m_LocalRotation: {x: -0.4904276, y: -0.1377082, z: 0.1107038, w: 0.8533826}
  m_LocalPosition: {x: -1.075116E-11, y: 0.002280983, z: -8.311755E-10}
  m_LocalScale: {x: 1, y: 1, z: 1}
  m_Children:
  - {fileID: 4394180242085509}
  m_Father: {fileID: 4169218018882911}
  m_RootOrder: 0
  m_LocalEulerAnglesHint: {x: -60.99231, y: 7.26457, z: -19.06491}
--- !u!1 &1944942221445059
GameObject:
  m_CorrespondingSourceObject: {fileID: 0}
  m_PrefabInstance: {fileID: 100100000}
  m_PrefabAsset: {fileID: 0}
  serializedVersion: 5
  m_Component:
  - component: {fileID: 4394180242085509}
  m_Layer: 9
  m_Name: l_lowerarm
  m_TagString: Untagged
  m_Icon: {fileID: 0}
  m_NavMeshLayer: 0
  m_StaticEditorFlags: 0
  m_IsActive: 1
--- !u!4 &4394180242085509
Transform:
  m_CorrespondingSourceObject: {fileID: 0}
  m_PrefabInstance: {fileID: 100100000}
  m_PrefabAsset: {fileID: 0}
  m_GameObject: {fileID: 1944942221445059}
  m_LocalRotation: {x: -8.080726E-09, y: 1.608541E-07, z: 0.01273498, w: 0.9999189}
  m_LocalPosition: {x: -5.281437E-11, y: 0.002729389, z: 6.835218E-10}
  m_LocalScale: {x: 1, y: 1, z: 1}
  m_Children:
  - {fileID: 4692915199879164}
  m_Father: {fileID: 4909354656292766}
  m_RootOrder: 0
  m_LocalEulerAnglesHint: {x: -6.911702E-07, y: -1.844282E-05, z: -1.45936}
--- !u!1 &1145994926923683
GameObject:
  m_CorrespondingSourceObject: {fileID: 0}
  m_PrefabInstance: {fileID: 100100000}
  m_PrefabAsset: {fileID: 0}
  serializedVersion: 5
  m_Component:
  - component: {fileID: 4692915199879164}
  m_Layer: 9
  m_Name: l_hand
  m_TagString: Untagged
  m_Icon: {fileID: 0}
  m_NavMeshLayer: 0
  m_StaticEditorFlags: 0
  m_IsActive: 1
--- !u!4 &4692915199879164
Transform:
  m_CorrespondingSourceObject: {fileID: 0}
  m_PrefabInstance: {fileID: 100100000}
  m_PrefabAsset: {fileID: 0}
  m_GameObject: {fileID: 1145994926923683}
  m_LocalRotation: {x: -0.07104337, y: 0.2728328, z: -0.04365658, w: 0.958441}
  m_LocalPosition: {x: 8.526205E-11, y: 0.00333486, z: -2.726713E-11}
  m_LocalScale: {x: 1, y: 1, z: 1}
  m_Children:
  - {fileID: 4065460435235027}
  - {fileID: 4687728669580026}
  - {fileID: 4644951362619109}
  - {fileID: 4428041072789323}
  - {fileID: 4129670701979103}
  - {fileID: 4078556947024169}
  m_Father: {fileID: 4394180242085509}
  m_RootOrder: 0
  m_LocalEulerAnglesHint: {x: -10.77164, y: -31.11687, z: 8.223238}
--- !u!1 &1238095950373686
GameObject:
  m_CorrespondingSourceObject: {fileID: 0}
  m_PrefabInstance: {fileID: 100100000}
  m_PrefabAsset: {fileID: 0}
  serializedVersion: 5
  m_Component:
  - component: {fileID: 4065460435235027}
  m_Layer: 9
  m_Name: l_index1
  m_TagString: Untagged
  m_Icon: {fileID: 0}
  m_NavMeshLayer: 0
  m_StaticEditorFlags: 0
  m_IsActive: 1
--- !u!4 &4065460435235027
Transform:
  m_CorrespondingSourceObject: {fileID: 0}
  m_PrefabInstance: {fileID: 100100000}
  m_PrefabAsset: {fileID: 0}
  m_GameObject: {fileID: 1238095950373686}
  m_LocalRotation: {x: -0.06331658, y: -0.005656154, z: 0.08381972, w: 0.9944512}
  m_LocalPosition: {x: -0.0003375539, y: 0.0007982106, z: 1.081942E-05}
  m_LocalScale: {x: 0.9999999, y: 1, z: 1}
  m_Children:
  - {fileID: 4520047607182432}
  m_Father: {fileID: 4692915199879164}
  m_RootOrder: 0
  m_LocalEulerAnglesHint: {x: -7.289263, y: 0.03639325, z: -9.638167}
--- !u!1 &1111953901323951
GameObject:
  m_CorrespondingSourceObject: {fileID: 0}
  m_PrefabInstance: {fileID: 100100000}
  m_PrefabAsset: {fileID: 0}
  serializedVersion: 5
  m_Component:
  - component: {fileID: 4520047607182432}
  m_Layer: 9
  m_Name: l_index2
  m_TagString: Untagged
  m_Icon: {fileID: 0}
  m_NavMeshLayer: 0
  m_StaticEditorFlags: 0
  m_IsActive: 1
--- !u!4 &4520047607182432
Transform:
  m_CorrespondingSourceObject: {fileID: 0}
  m_PrefabInstance: {fileID: 100100000}
  m_PrefabAsset: {fileID: 0}
  m_GameObject: {fileID: 1111953901323951}
  m_LocalRotation: {x: -0.1512246, y: 9.49779E-07, z: -0.01307354, w: 0.988413}
  m_LocalPosition: {x: -2.230081E-11, y: 0.0004552406, z: 9.544878E-10}
  m_LocalScale: {x: 0.9999999, y: 1, z: 1}
  m_Children:
  - {fileID: 4073776938183008}
  m_Father: {fileID: 4065460435235027}
  m_RootOrder: 0
  m_LocalEulerAnglesHint: {x: -17.39438, y: 0.2264454, z: 1.480952}
--- !u!1 &1757257309035585
GameObject:
  m_CorrespondingSourceObject: {fileID: 0}
  m_PrefabInstance: {fileID: 100100000}
  m_PrefabAsset: {fileID: 0}
  serializedVersion: 5
  m_Component:
  - component: {fileID: 4073776938183008}
  m_Layer: 9
  m_Name: l_index3
  m_TagString: Untagged
  m_Icon: {fileID: 0}
  m_NavMeshLayer: 0
  m_StaticEditorFlags: 0
  m_IsActive: 1
--- !u!4 &4073776938183008
Transform:
  m_CorrespondingSourceObject: {fileID: 0}
  m_PrefabInstance: {fileID: 100100000}
  m_PrefabAsset: {fileID: 0}
  m_GameObject: {fileID: 1757257309035585}
  m_LocalRotation: {x: -0.07018702, y: 1.034493E-05, z: -0.006068578, w: 0.9975154}
  m_LocalPosition: {x: 1.240295E-11, y: 0.0002037727, z: -2.076655E-10}
  m_LocalScale: {x: 1, y: 1, z: 1}
  m_Children:
  - {fileID: 4420501119885771}
  m_Father: {fileID: 4520047607182432}
  m_RootOrder: 0
  m_LocalEulerAnglesHint: {x: -8.049318, y: 0.04762611, z: 0.6937803}
--- !u!1 &1814520948116595
GameObject:
  m_CorrespondingSourceObject: {fileID: 0}
  m_PrefabInstance: {fileID: 100100000}
  m_PrefabAsset: {fileID: 0}
  serializedVersion: 5
  m_Component:
  - component: {fileID: 4420501119885771}
  m_Layer: 9
  m_Name: l_index3_end
  m_TagString: Untagged
  m_Icon: {fileID: 0}
  m_NavMeshLayer: 0
  m_StaticEditorFlags: 0
  m_IsActive: 1
--- !u!4 &4420501119885771
Transform:
  m_CorrespondingSourceObject: {fileID: 0}
  m_PrefabInstance: {fileID: 100100000}
  m_PrefabAsset: {fileID: 0}
  m_GameObject: {fileID: 1814520948116595}
  m_LocalRotation: {x: 0, y: 0, z: 0, w: 1}
  m_LocalPosition: {x: 0, y: 0.0002718662, z: 0}
  m_LocalScale: {x: 1, y: 1, z: 1}
  m_Children: []
  m_Father: {fileID: 4073776938183008}
  m_RootOrder: 0
  m_LocalEulerAnglesHint: {x: 0, y: 0, z: 0}
--- !u!1 &1068293422444428
GameObject:
  m_CorrespondingSourceObject: {fileID: 0}
  m_PrefabInstance: {fileID: 100100000}
  m_PrefabAsset: {fileID: 0}
  serializedVersion: 5
  m_Component:
  - component: {fileID: 4687728669580026}
  m_Layer: 9
  m_Name: l_middle1
  m_TagString: Untagged
  m_Icon: {fileID: 0}
  m_NavMeshLayer: 0
  m_StaticEditorFlags: 0
  m_IsActive: 1
--- !u!4 &4687728669580026
Transform:
  m_CorrespondingSourceObject: {fileID: 0}
  m_PrefabInstance: {fileID: 100100000}
  m_PrefabAsset: {fileID: 0}
  m_GameObject: {fileID: 1068293422444428}
  m_LocalRotation: {x: -0.1342832, y: -0.006303284, z: 0.05310291, w: 0.9894991}
  m_LocalPosition: {x: -0.0001179386, y: 0.0007854108, z: 3.798007E-06}
  m_LocalScale: {x: 1, y: 0.9999999, z: 0.9999999}
  m_Children:
  - {fileID: 4968100531434537}
  m_Father: {fileID: 4692915199879164}
  m_RootOrder: 1
  m_LocalEulerAnglesHint: {x: -15.45111, y: -0.1024142, z: -6.129935}
--- !u!1 &1968857743080112
GameObject:
  m_CorrespondingSourceObject: {fileID: 0}
  m_PrefabInstance: {fileID: 100100000}
  m_PrefabAsset: {fileID: 0}
  serializedVersion: 5
  m_Component:
  - component: {fileID: 4968100531434537}
  m_Layer: 9
  m_Name: l_middle2
  m_TagString: Untagged
  m_Icon: {fileID: 0}
  m_NavMeshLayer: 0
  m_StaticEditorFlags: 0
  m_IsActive: 1
--- !u!4 &4968100531434537
Transform:
  m_CorrespondingSourceObject: {fileID: 0}
  m_PrefabInstance: {fileID: 100100000}
  m_PrefabAsset: {fileID: 0}
  m_GameObject: {fileID: 1968857743080112}
  m_LocalRotation: {x: -0.1514819, y: -4.229236E-07, z: -0.01309481, w: 0.9883733}
  m_LocalPosition: {x: -4.152461E-11, y: 0.0004539639, z: -1.10972E-09}
  m_LocalScale: {x: 0.9999999, y: 0.9999999, z: 0.9999999}
  m_Children:
  - {fileID: 4398362654975213}
  m_Father: {fileID: 4687728669580026}
  m_RootOrder: 0
  m_LocalEulerAnglesHint: {x: -17.42419, y: 0.2273553, z: 1.483278}
--- !u!1 &1246635969472911
GameObject:
  m_CorrespondingSourceObject: {fileID: 0}
  m_PrefabInstance: {fileID: 100100000}
  m_PrefabAsset: {fileID: 0}
  serializedVersion: 5
  m_Component:
  - component: {fileID: 4398362654975213}
  m_Layer: 9
  m_Name: l_middle3
  m_TagString: Untagged
  m_Icon: {fileID: 0}
  m_NavMeshLayer: 0
  m_StaticEditorFlags: 0
  m_IsActive: 1
--- !u!4 &4398362654975213
Transform:
  m_CorrespondingSourceObject: {fileID: 0}
  m_PrefabInstance: {fileID: 100100000}
  m_PrefabAsset: {fileID: 0}
  m_GameObject: {fileID: 1246635969472911}
  m_LocalRotation: {x: -0.1601722, y: 5.504468E-05, z: -0.01385481, w: 0.9869919}
  m_LocalPosition: {x: 9.313316E-12, y: 0.0002645063, z: 2.518684E-11}
  m_LocalScale: {x: 0.9999999, y: 0.9999999, z: 0.9999999}
  m_Children:
  - {fileID: 4399695681682439}
  m_Father: {fileID: 4968100531434537}
  m_RootOrder: 0
  m_LocalEulerAnglesHint: {x: -18.43218, y: 0.2480717, z: 1.568213}
--- !u!1 &1630368426706076
GameObject:
  m_CorrespondingSourceObject: {fileID: 0}
  m_PrefabInstance: {fileID: 100100000}
  m_PrefabAsset: {fileID: 0}
  serializedVersion: 5
  m_Component:
  - component: {fileID: 4399695681682439}
  m_Layer: 9
  m_Name: l_middle3_end
  m_TagString: Untagged
  m_Icon: {fileID: 0}
  m_NavMeshLayer: 0
  m_StaticEditorFlags: 0
  m_IsActive: 1
--- !u!4 &4399695681682439
Transform:
  m_CorrespondingSourceObject: {fileID: 0}
  m_PrefabInstance: {fileID: 100100000}
  m_PrefabAsset: {fileID: 0}
  m_GameObject: {fileID: 1630368426706076}
  m_LocalRotation: {x: 0, y: 0, z: 0, w: 1}
  m_LocalPosition: {x: 0, y: 0.0002616322, z: 0}
  m_LocalScale: {x: 1, y: 1, z: 1}
  m_Children: []
  m_Father: {fileID: 4398362654975213}
  m_RootOrder: 0
  m_LocalEulerAnglesHint: {x: 0, y: 0, z: 0}
--- !u!1 &1613362943675187
GameObject:
  m_CorrespondingSourceObject: {fileID: 0}
  m_PrefabInstance: {fileID: 100100000}
  m_PrefabAsset: {fileID: 0}
  serializedVersion: 5
  m_Component:
  - component: {fileID: 4644951362619109}
  m_Layer: 9
  m_Name: l_pinky1
  m_TagString: Untagged
  m_Icon: {fileID: 0}
  m_NavMeshLayer: 0
  m_StaticEditorFlags: 0
  m_IsActive: 1
--- !u!4 &4644951362619109
Transform:
  m_CorrespondingSourceObject: {fileID: 0}
  m_PrefabInstance: {fileID: 100100000}
  m_PrefabAsset: {fileID: 0}
  m_GameObject: {fileID: 1613362943675187}
  m_LocalRotation: {x: -0.2317734, y: -0.01385219, z: 0.02722391, w: 0.9722902}
  m_LocalPosition: {x: 0.0003370029, y: 0.0007869128, z: 2.482483E-11}
  m_LocalScale: {x: 0.9999999, y: 0.9999999, z: 1}
  m_Children:
  - {fileID: 4114986901914946}
  m_Father: {fileID: 4692915199879164}
  m_RootOrder: 2
  m_LocalEulerAnglesHint: {x: -26.84012, y: 0.8203391, z: -3.40344}
--- !u!1 &1755769850466004
GameObject:
  m_CorrespondingSourceObject: {fileID: 0}
  m_PrefabInstance: {fileID: 100100000}
  m_PrefabAsset: {fileID: 0}
  serializedVersion: 5
  m_Component:
  - component: {fileID: 4114986901914946}
  m_Layer: 9
  m_Name: l_pinky2
  m_TagString: Untagged
  m_Icon: {fileID: 0}
  m_NavMeshLayer: 0
  m_StaticEditorFlags: 0
  m_IsActive: 1
--- !u!4 &4114986901914946
Transform:
  m_CorrespondingSourceObject: {fileID: 0}
  m_PrefabInstance: {fileID: 100100000}
  m_PrefabAsset: {fileID: 0}
  m_GameObject: {fileID: 1755769850466004}
  m_LocalRotation: {x: -0.1514852, y: -7.639108E-06, z: -0.01309507, w: 0.9883728}
  m_LocalPosition: {x: 2.518824E-11, y: 0.0004148775, z: -1.420676E-10}
  m_LocalScale: {x: 0.9999999, y: 0.9999999, z: 1}
  m_Children:
  - {fileID: 4240800926497871}
  m_Father: {fileID: 4644951362619109}
  m_RootOrder: 0
  m_LocalEulerAnglesHint: {x: -17.42456, y: 0.228182, z: 1.483181}
--- !u!1 &1992823951697465
GameObject:
  m_CorrespondingSourceObject: {fileID: 0}
  m_PrefabInstance: {fileID: 100100000}
  m_PrefabAsset: {fileID: 0}
  serializedVersion: 5
  m_Component:
  - component: {fileID: 4240800926497871}
  m_Layer: 9
  m_Name: l_pinky3
  m_TagString: Untagged
  m_Icon: {fileID: 0}
  m_NavMeshLayer: 0
  m_StaticEditorFlags: 0
  m_IsActive: 1
--- !u!4 &4240800926497871
Transform:
  m_CorrespondingSourceObject: {fileID: 0}
  m_PrefabInstance: {fileID: 100100000}
  m_PrefabAsset: {fileID: 0}
  m_GameObject: {fileID: 1992823951697465}
  m_LocalRotation: {x: -0.1437133, y: 1.863485E-09, z: -0.01242202, w: 0.9895414}
  m_LocalPosition: {x: -1.792124E-11, y: 0.0002252158, z: -2.859673E-10}
  m_LocalScale: {x: 1, y: 0.9999999, z: 1}
  m_Children:
  - {fileID: 4138266812740248}
  m_Father: {fileID: 4114986901914946}
  m_RootOrder: 0
  m_LocalEulerAnglesHint: {x: -16.52432, y: 0.2045701, z: 1.408722}
--- !u!1 &1021910799629212
GameObject:
  m_CorrespondingSourceObject: {fileID: 0}
  m_PrefabInstance: {fileID: 100100000}
  m_PrefabAsset: {fileID: 0}
  serializedVersion: 5
  m_Component:
  - component: {fileID: 4138266812740248}
  m_Layer: 9
  m_Name: l_pinky3_end
  m_TagString: Untagged
  m_Icon: {fileID: 0}
  m_NavMeshLayer: 0
  m_StaticEditorFlags: 0
  m_IsActive: 1
--- !u!4 &4138266812740248
Transform:
  m_CorrespondingSourceObject: {fileID: 0}
  m_PrefabInstance: {fileID: 100100000}
  m_PrefabAsset: {fileID: 0}
  m_GameObject: {fileID: 1021910799629212}
  m_LocalRotation: {x: 0, y: 0, z: 0, w: 1}
  m_LocalPosition: {x: 0, y: 0.0002109204, z: 0}
  m_LocalScale: {x: 1, y: 1, z: 1}
  m_Children: []
  m_Father: {fileID: 4240800926497871}
  m_RootOrder: 0
  m_LocalEulerAnglesHint: {x: 0, y: 0, z: 0}
--- !u!1 &1054522315440558
GameObject:
  m_CorrespondingSourceObject: {fileID: 0}
  m_PrefabInstance: {fileID: 100100000}
  m_PrefabAsset: {fileID: 0}
  serializedVersion: 5
  m_Component:
  - component: {fileID: 4428041072789323}
  m_Layer: 9
  m_Name: l_ring1
  m_TagString: Untagged
  m_Icon: {fileID: 0}
  m_NavMeshLayer: 0
  m_StaticEditorFlags: 0
  m_IsActive: 1
--- !u!4 &4428041072789323
Transform:
  m_CorrespondingSourceObject: {fileID: 0}
  m_PrefabInstance: {fileID: 100100000}
  m_PrefabAsset: {fileID: 0}
  m_GameObject: {fileID: 1054522315440558}
  m_LocalRotation: {x: -0.1810822, y: -0.008970156, z: 0.04478776, w: 0.9824067}
  m_LocalPosition: {x: 0.000123722, y: 0.0007849975, z: 1.268073E-11}
  m_LocalScale: {x: 0.9999999, y: 1, z: 1}
  m_Children:
  - {fileID: 4289430263202845}
  m_Father: {fileID: 4692915199879164}
  m_RootOrder: 3
  m_LocalEulerAnglesHint: {x: -20.89133, y: 0.08045173, z: -5.235427}
--- !u!1 &1405833476102005
GameObject:
  m_CorrespondingSourceObject: {fileID: 0}
  m_PrefabInstance: {fileID: 100100000}
  m_PrefabAsset: {fileID: 0}
  serializedVersion: 5
  m_Component:
  - component: {fileID: 4289430263202845}
  m_Layer: 9
  m_Name: l_ring2
  m_TagString: Untagged
  m_Icon: {fileID: 0}
  m_NavMeshLayer: 0
  m_StaticEditorFlags: 0
  m_IsActive: 1
--- !u!4 &4289430263202845
Transform:
  m_CorrespondingSourceObject: {fileID: 0}
  m_PrefabInstance: {fileID: 100100000}
  m_PrefabAsset: {fileID: 0}
  m_GameObject: {fileID: 1405833476102005}
  m_LocalRotation: {x: -0.1816602, y: 1.38648E-05, z: -0.01570266, w: 0.983236}
  m_LocalPosition: {x: 8.856035E-12, y: 0.0004226805, z: 3.436192E-11}
  m_LocalScale: {x: 1, y: 1, z: 1}
  m_Children:
  - {fileID: 4351025454216262}
  m_Father: {fileID: 4428041072789323}
  m_RootOrder: 0
  m_LocalEulerAnglesHint: {x: -20.93054, y: 0.3253175, z: 1.769825}
--- !u!1 &1461643445186029
GameObject:
  m_CorrespondingSourceObject: {fileID: 0}
  m_PrefabInstance: {fileID: 100100000}
  m_PrefabAsset: {fileID: 0}
  serializedVersion: 5
  m_Component:
  - component: {fileID: 4351025454216262}
  m_Layer: 9
  m_Name: l_ring3
  m_TagString: Untagged
  m_Icon: {fileID: 0}
  m_NavMeshLayer: 0
  m_StaticEditorFlags: 0
  m_IsActive: 1
--- !u!4 &4351025454216262
Transform:
  m_CorrespondingSourceObject: {fileID: 0}
  m_PrefabInstance: {fileID: 100100000}
  m_PrefabAsset: {fileID: 0}
  m_GameObject: {fileID: 1461643445186029}
  m_LocalRotation: {x: -0.155446, y: -1.557283E-05, z: -0.01343639, w: 0.987753}
  m_LocalPosition: {x: 6.036771E-11, y: 0.0002733755, z: 5.860329E-10}
  m_LocalScale: {x: 1, y: 1, z: 1}
  m_Children:
  - {fileID: 4838290690869709}
  m_Father: {fileID: 4289430263202845}
  m_RootOrder: 0
  m_LocalEulerAnglesHint: {x: -17.88375, y: 0.2411031, z: 1.520755}
--- !u!1 &1694429022640363
GameObject:
  m_CorrespondingSourceObject: {fileID: 0}
  m_PrefabInstance: {fileID: 100100000}
  m_PrefabAsset: {fileID: 0}
  serializedVersion: 5
  m_Component:
  - component: {fileID: 4838290690869709}
  m_Layer: 9
  m_Name: l_ring3_end
  m_TagString: Untagged
  m_Icon: {fileID: 0}
  m_NavMeshLayer: 0
  m_StaticEditorFlags: 0
  m_IsActive: 1
--- !u!4 &4838290690869709
Transform:
  m_CorrespondingSourceObject: {fileID: 0}
  m_PrefabInstance: {fileID: 100100000}
  m_PrefabAsset: {fileID: 0}
  m_GameObject: {fileID: 1694429022640363}
  m_LocalRotation: {x: 0, y: 0, z: 0, w: 1}
  m_LocalPosition: {x: 0, y: 0.0002440894, z: 0}
  m_LocalScale: {x: 1, y: 1, z: 1}
  m_Children: []
  m_Father: {fileID: 4351025454216262}
  m_RootOrder: 0
  m_LocalEulerAnglesHint: {x: 0, y: 0, z: 0}
--- !u!1 &1649288541223631
GameObject:
  m_CorrespondingSourceObject: {fileID: 0}
  m_PrefabInstance: {fileID: 100100000}
  m_PrefabAsset: {fileID: 0}
  serializedVersion: 5
  m_Component:
  - component: {fileID: 4129670701979103}
  m_Layer: 9
  m_Name: l_thumb1
  m_TagString: Untagged
  m_Icon: {fileID: 0}
  m_NavMeshLayer: 0
  m_StaticEditorFlags: 0
  m_IsActive: 1
--- !u!4 &4129670701979103
Transform:
  m_CorrespondingSourceObject: {fileID: 0}
  m_PrefabInstance: {fileID: 100100000}
  m_PrefabAsset: {fileID: 0}
  m_GameObject: {fileID: 1649288541223631}
  m_LocalRotation: {x: -0.1635864, y: -0.09685447, z: 0.3093787, w: 0.9317423}
  m_LocalPosition: {x: -0.0004299312, y: 0.0004944648, z: 1.461742E-05}
  m_LocalScale: {x: 1, y: 0.9999999, z: 0.9999999}
  m_Children:
  - {fileID: 4176652536202505}
  m_Father: {fileID: 4692915199879164}
  m_RootOrder: 4
  m_LocalEulerAnglesHint: {x: -21.4643, y: 4.546407, z: -37.59892}
--- !u!1 &1368212496115934
GameObject:
  m_CorrespondingSourceObject: {fileID: 0}
  m_PrefabInstance: {fileID: 100100000}
  m_PrefabAsset: {fileID: 0}
  serializedVersion: 5
  m_Component:
  - component: {fileID: 4176652536202505}
  m_Layer: 9
  m_Name: l_thumb2
  m_TagString: Untagged
  m_Icon: {fileID: 0}
  m_NavMeshLayer: 0
  m_StaticEditorFlags: 0
  m_IsActive: 1
--- !u!4 &4176652536202505
Transform:
  m_CorrespondingSourceObject: {fileID: 0}
  m_PrefabInstance: {fileID: 100100000}
  m_PrefabAsset: {fileID: 0}
  m_GameObject: {fileID: 1368212496115934}
  m_LocalRotation: {x: 0.05972125, y: -0.09077425, z: -0.2732356, w: 0.9557906}
  m_LocalPosition: {x: -3.562309E-10, y: 0.0002267453, z: -1.361623E-09}
  m_LocalScale: {x: 0.9999999, y: 1, z: 0.9999999}
  m_Children:
  - {fileID: 4440032610539642}
  m_Father: {fileID: 4129670701979103}
  m_RootOrder: 0
  m_LocalEulerAnglesHint: {x: 9.521484, y: 8.099141, z: 32.58334}
--- !u!1 &1856573947782236
GameObject:
  m_CorrespondingSourceObject: {fileID: 0}
  m_PrefabInstance: {fileID: 100100000}
  m_PrefabAsset: {fileID: 0}
  serializedVersion: 5
  m_Component:
  - component: {fileID: 4440032610539642}
  m_Layer: 9
  m_Name: l_thumb3
  m_TagString: Untagged
  m_Icon: {fileID: 0}
  m_NavMeshLayer: 0
  m_StaticEditorFlags: 0
  m_IsActive: 1
--- !u!4 &4440032610539642
Transform:
  m_CorrespondingSourceObject: {fileID: 0}
  m_PrefabInstance: {fileID: 100100000}
  m_PrefabAsset: {fileID: 0}
  m_GameObject: {fileID: 1856573947782236}
  m_LocalRotation: {x: 0.1223596, y: 0.07466692, z: -0.01591675, w: 0.9895452}
  m_LocalPosition: {x: -2.468005E-10, y: 0.0001731584, z: -1.505323E-09}
  m_LocalScale: {x: 1, y: 1, z: 1}
  m_Children:
  - {fileID: 4662368692278197}
  m_Father: {fileID: 4176652536202505}
  m_RootOrder: 0
  m_LocalEulerAnglesHint: {x: 14.03946, y: -8.723585, z: 0.7668169}
--- !u!1 &1542458429400713
GameObject:
  m_CorrespondingSourceObject: {fileID: 0}
  m_PrefabInstance: {fileID: 100100000}
  m_PrefabAsset: {fileID: 0}
  serializedVersion: 5
  m_Component:
  - component: {fileID: 4662368692278197}
  m_Layer: 9
  m_Name: l_thumb3_end
  m_TagString: Untagged
  m_Icon: {fileID: 0}
  m_NavMeshLayer: 0
  m_StaticEditorFlags: 0
  m_IsActive: 1
--- !u!4 &4662368692278197
Transform:
  m_CorrespondingSourceObject: {fileID: 0}
  m_PrefabInstance: {fileID: 100100000}
  m_PrefabAsset: {fileID: 0}
  m_GameObject: {fileID: 1542458429400713}
  m_LocalRotation: {x: 0, y: 0, z: 0, w: 1}
  m_LocalPosition: {x: 0, y: 0.0003275707, z: 0}
  m_LocalScale: {x: 1, y: 1, z: 1}
  m_Children: []
  m_Father: {fileID: 4440032610539642}
  m_RootOrder: 0
  m_LocalEulerAnglesHint: {x: 0, y: 0, z: 0}
--- !u!1 &1450643832657379
GameObject:
  m_CorrespondingSourceObject: {fileID: 0}
  m_PrefabInstance: {fileID: 100100000}
  m_PrefabAsset: {fileID: 0}
  serializedVersion: 5
  m_Component:
  - component: {fileID: 4078556947024169}
  m_Layer: 9
  m_Name: LeftHand_Attach
  m_TagString: Untagged
  m_Icon: {fileID: 0}
  m_NavMeshLayer: 0
  m_StaticEditorFlags: 0
  m_IsActive: 1
--- !u!4 &4078556947024169
Transform:
  m_CorrespondingSourceObject: {fileID: 0}
  m_PrefabInstance: {fileID: 100100000}
  m_PrefabAsset: {fileID: 0}
  m_GameObject: {fileID: 1450643832657379}
  m_LocalRotation: {x: -0.5000007, y: -0.4999986, z: 0.500001, w: 0.4999998}
  m_LocalPosition: {x: -5E-05, y: 0.00059, z: 8E-05}
  m_LocalScale: {x: 1.000002, y: 1.000002, z: 1.000004}
  m_Children: []
  m_Father: {fileID: 4692915199879164}
  m_RootOrder: 5
  m_LocalEulerAnglesHint: {x: -89.99992, y: -0.0001827076, z: -89.99995}
--- !u!1 &1627456871739892
GameObject:
  m_CorrespondingSourceObject: {fileID: 0}
  m_PrefabInstance: {fileID: 100100000}
  m_PrefabAsset: {fileID: 0}
  serializedVersion: 5
  m_Component:
  - component: {fileID: 4013600215408670}
  m_Layer: 9
  m_Name: neck
  m_TagString: Untagged
  m_Icon: {fileID: 0}
  m_NavMeshLayer: 0
  m_StaticEditorFlags: 0
  m_IsActive: 1
--- !u!4 &4013600215408670
Transform:
  m_CorrespondingSourceObject: {fileID: 0}
  m_PrefabInstance: {fileID: 100100000}
  m_PrefabAsset: {fileID: 0}
  m_GameObject: {fileID: 1627456871739892}
  m_LocalRotation: {x: -0.1248775, y: 0.0003482457, z: 0.002071923, w: 0.9921699}
  m_LocalPosition: {x: -8.054393E-19, y: 0.001593156, z: -9.313226E-12}
  m_LocalScale: {x: 1, y: 1, z: 0.9999999}
  m_Children:
  - {fileID: 4939933639809463}
  m_Father: {fileID: 4510014493311629}
  m_RootOrder: 1
  m_LocalEulerAnglesHint: {x: -14.34726, y: -0.0692426, z: -0.2305833}
--- !u!1 &1476573393394117
GameObject:
  m_CorrespondingSourceObject: {fileID: 0}
  m_PrefabInstance: {fileID: 100100000}
  m_PrefabAsset: {fileID: 0}
  serializedVersion: 5
  m_Component:
  - component: {fileID: 4939933639809463}
  m_Layer: 9
  m_Name: head
  m_TagString: Untagged
  m_Icon: {fileID: 0}
  m_NavMeshLayer: 0
  m_StaticEditorFlags: 0
  m_IsActive: 1
--- !u!4 &4939933639809463
Transform:
  m_CorrespondingSourceObject: {fileID: 0}
  m_PrefabInstance: {fileID: 100100000}
  m_PrefabAsset: {fileID: 0}
  m_GameObject: {fileID: 1476573393394117}
  m_LocalRotation: {x: 0.06146705, y: 0.0003178966, z: 0.002076789, w: 0.9981069}
  m_LocalPosition: {x: -9.264423E-25, y: 0.001073905, z: 3.72529E-11}
  m_LocalScale: {x: 1, y: 0.9999999, z: 1}
  m_Children:
  - {fileID: 4344613355098423}
  m_Father: {fileID: 4013600215408670}
  m_RootOrder: 0
  m_LocalEulerAnglesHint: {x: 7.048109, y: -0.02173122, z: -0.2397718}
--- !u!1 &1177772460602261
GameObject:
  m_CorrespondingSourceObject: {fileID: 0}
  m_PrefabInstance: {fileID: 100100000}
  m_PrefabAsset: {fileID: 0}
  serializedVersion: 5
  m_Component:
  - component: {fileID: 4344613355098423}
  m_Layer: 9
  m_Name: jaw
  m_TagString: Untagged
  m_Icon: {fileID: 0}
  m_NavMeshLayer: 0
  m_StaticEditorFlags: 0
  m_IsActive: 1
--- !u!4 &4344613355098423
Transform:
  m_CorrespondingSourceObject: {fileID: 0}
  m_PrefabInstance: {fileID: 100100000}
  m_PrefabAsset: {fileID: 0}
  m_GameObject: {fileID: 1177772460602261}
  m_LocalRotation: {x: 0.894878, y: 0.001572426, z: -0.0013934, w: -0.4463059}
  m_LocalPosition: {x: -2.028574E-24, y: -0.0002359057, z: -0.0008125676}
  m_LocalScale: {x: 1, y: 0.9999999, z: 0.9999997}
  m_Children:
  - {fileID: 4796137984696515}
  m_Father: {fileID: 4939933639809463}
  m_RootOrder: 0
  m_LocalEulerAnglesHint: {x: -126.9859, y: -0.06246845, z: -0.2325084}
--- !u!1 &1697038296690393
GameObject:
  m_CorrespondingSourceObject: {fileID: 0}
  m_PrefabInstance: {fileID: 100100000}
  m_PrefabAsset: {fileID: 0}
  serializedVersion: 5
  m_Component:
  - component: {fileID: 4796137984696515}
  m_Layer: 9
  m_Name: jaw_end
  m_TagString: Untagged
  m_Icon: {fileID: 0}
  m_NavMeshLayer: 0
  m_StaticEditorFlags: 0
  m_IsActive: 1
--- !u!4 &4796137984696515
Transform:
  m_CorrespondingSourceObject: {fileID: 0}
  m_PrefabInstance: {fileID: 100100000}
  m_PrefabAsset: {fileID: 0}
  m_GameObject: {fileID: 1697038296690393}
  m_LocalRotation: {x: 0, y: 0, z: 0, w: 1}
  m_LocalPosition: {x: 0, y: 0.0009029791, z: 0}
  m_LocalScale: {x: 1, y: 1, z: 1}
  m_Children: []
  m_Father: {fileID: 4344613355098423}
  m_RootOrder: 0
  m_LocalEulerAnglesHint: {x: 0, y: 0, z: 0}
--- !u!1 &1823755825402653
GameObject:
  m_CorrespondingSourceObject: {fileID: 0}
  m_PrefabInstance: {fileID: 100100000}
  m_PrefabAsset: {fileID: 0}
  serializedVersion: 5
  m_Component:
  - component: {fileID: 4758960181279144}
  m_Layer: 9
  m_Name: r_shoulder
  m_TagString: Untagged
  m_Icon: {fileID: 0}
  m_NavMeshLayer: 0
  m_StaticEditorFlags: 0
  m_IsActive: 1
--- !u!4 &4758960181279144
Transform:
  m_CorrespondingSourceObject: {fileID: 0}
  m_PrefabInstance: {fileID: 100100000}
  m_PrefabAsset: {fileID: 0}
  m_GameObject: {fileID: 1823755825402653}
  m_LocalRotation: {x: 0.6825603, y: -0.336834, z: -0.5042213, w: -0.4079403}
  m_LocalPosition: {x: -8.054393E-19, y: 0.001593156, z: -9.313226E-12}
  m_LocalScale: {x: 1, y: 1, z: 1}
  m_Children:
  - {fileID: 4593265001279846}
  m_Father: {fileID: 4510014493311629}
  m_RootOrder: 2
  m_LocalEulerAnglesHint: {x: -126.1515, y: -74.395, z: 10.37278}
--- !u!1 &1430873103241538
GameObject:
  m_CorrespondingSourceObject: {fileID: 0}
  m_PrefabInstance: {fileID: 100100000}
  m_PrefabAsset: {fileID: 0}
  serializedVersion: 5
  m_Component:
  - component: {fileID: 4593265001279846}
  m_Layer: 9
  m_Name: r_upperarm
  m_TagString: Untagged
  m_Icon: {fileID: 0}
  m_NavMeshLayer: 0
  m_StaticEditorFlags: 0
  m_IsActive: 1
--- !u!4 &4593265001279846
Transform:
  m_CorrespondingSourceObject: {fileID: 0}
  m_PrefabInstance: {fileID: 100100000}
  m_PrefabAsset: {fileID: 0}
  m_GameObject: {fileID: 1430873103241538}
  m_LocalRotation: {x: -0.4181225, y: 0.2262542, z: -0.131017, w: 0.8699524}
  m_LocalPosition: {x: 1.506609E-11, y: 0.002280983, z: -8.30774E-10}
  m_LocalScale: {x: 1, y: 1, z: 1}
  m_Children:
  - {fileID: 4979720216148026}
  m_Father: {fileID: 4758960181279144}
  m_RootOrder: 0
  m_LocalEulerAnglesHint: {x: -55.1441, y: -16.50496, z: 25.79095}
--- !u!1 &1417910162110159
GameObject:
  m_CorrespondingSourceObject: {fileID: 0}
  m_PrefabInstance: {fileID: 100100000}
  m_PrefabAsset: {fileID: 0}
  serializedVersion: 5
  m_Component:
  - component: {fileID: 4979720216148026}
  m_Layer: 9
  m_Name: r_lowerarm
  m_TagString: Untagged
  m_Icon: {fileID: 0}
  m_NavMeshLayer: 0
  m_StaticEditorFlags: 0
  m_IsActive: 1
--- !u!4 &4979720216148026
Transform:
  m_CorrespondingSourceObject: {fileID: 0}
  m_PrefabInstance: {fileID: 100100000}
  m_PrefabAsset: {fileID: 0}
  m_GameObject: {fileID: 1417910162110159}
  m_LocalRotation: {x: -4.634079E-08, y: 1.240038E-07, z: -0.05838069, w: 0.9982944}
  m_LocalPosition: {x: 4.88903E-11, y: 0.002729389, z: 6.829496E-10}
  m_LocalScale: {x: 1, y: 1, z: 1}
  m_Children:
  - {fileID: 4847054860417169}
  m_Father: {fileID: 4593265001279846}
  m_RootOrder: 0
  m_LocalEulerAnglesHint: {x: -6.130784E-06, y: -1.387554E-05, z: 6.69374}
--- !u!1 &1516111851106855
GameObject:
  m_CorrespondingSourceObject: {fileID: 0}
  m_PrefabInstance: {fileID: 100100000}
  m_PrefabAsset: {fileID: 0}
  serializedVersion: 5
  m_Component:
  - component: {fileID: 4847054860417169}
  m_Layer: 9
  m_Name: r_hand
  m_TagString: Untagged
  m_Icon: {fileID: 0}
  m_NavMeshLayer: 0
  m_StaticEditorFlags: 0
  m_IsActive: 1
--- !u!4 &4847054860417169
Transform:
  m_CorrespondingSourceObject: {fileID: 0}
  m_PrefabInstance: {fileID: 100100000}
  m_PrefabAsset: {fileID: 0}
  m_GameObject: {fileID: 1516111851106855}
  m_LocalRotation: {x: -0.07376811, y: -0.1624283, z: 0.0665181, w: 0.981708}
  m_LocalPosition: {x: -4.764935E-11, y: 0.00333486, z: -4.646083E-11}
  m_LocalScale: {x: 1, y: 1, z: 1}
  m_Children:
  - {fileID: 4777320159936507}
  - {fileID: 4344789533764023}
  - {fileID: 4902696022491792}
  - {fileID: 4781362711929510}
  - {fileID: 4293161625671102}
  - {fileID: 4079239230711959}
  m_Father: {fileID: 4979720216148026}
  m_RootOrder: 0
  m_LocalEulerAnglesHint: {x: -10.07965, y: 18.00503, z: -9.35353}
--- !u!1 &1357155831905491
GameObject:
  m_CorrespondingSourceObject: {fileID: 0}
  m_PrefabInstance: {fileID: 100100000}
  m_PrefabAsset: {fileID: 0}
  serializedVersion: 5
  m_Component:
  - component: {fileID: 4777320159936507}
  m_Layer: 9
  m_Name: r_index1
  m_TagString: Untagged
  m_Icon: {fileID: 0}
  m_NavMeshLayer: 0
  m_StaticEditorFlags: 0
  m_IsActive: 1
--- !u!4 &4777320159936507
Transform:
  m_CorrespondingSourceObject: {fileID: 0}
  m_PrefabInstance: {fileID: 100100000}
  m_PrefabAsset: {fileID: 0}
  m_GameObject: {fileID: 1357155831905491}
  m_LocalRotation: {x: -0.0565716, y: 0.005417196, z: -0.08627966, w: 0.9946488}
  m_LocalPosition: {x: 0.0003375539, y: 0.0007982109, z: 1.081942E-05}
  m_LocalScale: {x: 0.9999999, y: 0.9999999, z: 1}
  m_Children:
  - {fileID: 4104290056560310}
  m_Father: {fileID: 4847054860417169}
  m_RootOrder: 0
  m_LocalEulerAnglesHint: {x: -6.515534, y: -0.05812411, z: 9.918602}
--- !u!1 &1453572801394687
GameObject:
  m_CorrespondingSourceObject: {fileID: 0}
  m_PrefabInstance: {fileID: 100100000}
  m_PrefabAsset: {fileID: 0}
  serializedVersion: 5
  m_Component:
  - component: {fileID: 4104290056560310}
  m_Layer: 9
  m_Name: r_index2
  m_TagString: Untagged
  m_Icon: {fileID: 0}
  m_NavMeshLayer: 0
  m_StaticEditorFlags: 0
  m_IsActive: 1
--- !u!4 &4104290056560310
Transform:
  m_CorrespondingSourceObject: {fileID: 0}
  m_PrefabInstance: {fileID: 100100000}
  m_PrefabAsset: {fileID: 0}
  m_GameObject: {fileID: 1453572801394687}
  m_LocalRotation: {x: -0.1514642, y: -9.277487E-07, z: 0.009919803, w: 0.988413}
  m_LocalPosition: {x: 1.296826E-11, y: 0.0004552404, z: 9.775921E-10}
  m_LocalScale: {x: 0.9999999, y: 0.9999999, z: 1}
  m_Children:
  - {fileID: 4830931708014823}
  m_Father: {fileID: 4777320159936507}
  m_RootOrder: 0
  m_LocalEulerAnglesHint: {x: -17.42276, y: -0.1720685, z: -1.123648}
--- !u!1 &1989558596460209
GameObject:
  m_CorrespondingSourceObject: {fileID: 0}
  m_PrefabInstance: {fileID: 100100000}
  m_PrefabAsset: {fileID: 0}
  serializedVersion: 5
  m_Component:
  - component: {fileID: 4830931708014823}
  m_Layer: 9
  m_Name: r_index3
  m_TagString: Untagged
  m_Icon: {fileID: 0}
  m_NavMeshLayer: 0
  m_StaticEditorFlags: 0
  m_IsActive: 1
--- !u!4 &4830931708014823
Transform:
  m_CorrespondingSourceObject: {fileID: 0}
  m_PrefabInstance: {fileID: 100100000}
  m_PrefabAsset: {fileID: 0}
  m_GameObject: {fileID: 1989558596460209}
  m_LocalRotation: {x: -0.07029825, y: -1.038245E-05, z: 0.004604829, w: 0.9975154}
  m_LocalPosition: {x: -1.241261E-11, y: 0.0002037731, z: -2.084221E-10}
  m_LocalScale: {x: 0.9999999, y: 0.9999999, z: 0.9999999}
  m_Children:
  - {fileID: 4326367007787308}
  m_Father: {fileID: 4104290056560310}
  m_RootOrder: 0
  m_LocalEulerAnglesHint: {x: -8.062157, y: -0.03590782, z: -0.5264547}
--- !u!1 &1014572964136575
GameObject:
  m_CorrespondingSourceObject: {fileID: 0}
  m_PrefabInstance: {fileID: 100100000}
  m_PrefabAsset: {fileID: 0}
  serializedVersion: 5
  m_Component:
  - component: {fileID: 4326367007787308}
  m_Layer: 9
  m_Name: r_index3_end
  m_TagString: Untagged
  m_Icon: {fileID: 0}
  m_NavMeshLayer: 0
  m_StaticEditorFlags: 0
  m_IsActive: 1
--- !u!4 &4326367007787308
Transform:
  m_CorrespondingSourceObject: {fileID: 0}
  m_PrefabInstance: {fileID: 100100000}
  m_PrefabAsset: {fileID: 0}
  m_GameObject: {fileID: 1014572964136575}
  m_LocalRotation: {x: 0, y: 0, z: 0, w: 1}
  m_LocalPosition: {x: 0, y: 0.0002718662, z: 0}
  m_LocalScale: {x: 1, y: 1, z: 1}
  m_Children: []
  m_Father: {fileID: 4830931708014823}
  m_RootOrder: 0
  m_LocalEulerAnglesHint: {x: 0, y: 0, z: 0}
--- !u!1 &1209486508691874
GameObject:
  m_CorrespondingSourceObject: {fileID: 0}
  m_PrefabInstance: {fileID: 100100000}
  m_PrefabAsset: {fileID: 0}
  serializedVersion: 5
  m_Component:
  - component: {fileID: 4344789533764023}
  m_Layer: 9
  m_Name: r_middle1
  m_TagString: Untagged
  m_Icon: {fileID: 0}
  m_NavMeshLayer: 0
  m_StaticEditorFlags: 0
  m_IsActive: 1
--- !u!4 &4344789533764023
Transform:
  m_CorrespondingSourceObject: {fileID: 0}
  m_PrefabInstance: {fileID: 100100000}
  m_PrefabAsset: {fileID: 0}
  m_GameObject: {fileID: 1209486508691874}
  m_LocalRotation: {x: -0.1282074, y: 0.006005708, z: -0.05709228, w: 0.9900845}
  m_LocalPosition: {x: 0.0001179386, y: 0.0007854113, z: 3.798006E-06}
  m_LocalScale: {x: 1, y: 0.9999999, z: 0.9999999}
  m_Children:
  - {fileID: 4244031301290340}
  m_Father: {fileID: 4847054860417169}
  m_RootOrder: 1
  m_LocalEulerAnglesHint: {x: -14.74746, y: 0.1573912, z: 6.580135}
--- !u!1 &1391890909274300
GameObject:
  m_CorrespondingSourceObject: {fileID: 0}
  m_PrefabInstance: {fileID: 100100000}
  m_PrefabAsset: {fileID: 0}
  serializedVersion: 5
  m_Component:
  - component: {fileID: 4244031301290340}
  m_Layer: 9
  m_Name: r_middle2
  m_TagString: Untagged
  m_Icon: {fileID: 0}
  m_NavMeshLayer: 0
  m_StaticEditorFlags: 0
  m_IsActive: 1
--- !u!4 &4244031301290340
Transform:
  m_CorrespondingSourceObject: {fileID: 0}
  m_PrefabInstance: {fileID: 100100000}
  m_PrefabAsset: {fileID: 0}
  m_GameObject: {fileID: 1391890909274300}
  m_LocalRotation: {x: -0.1517219, y: 4.003396E-07, z: 0.009935635, w: 0.9883733}
  m_LocalPosition: {x: 3.337732E-11, y: 0.0004539637, z: -1.115905E-09}
  m_LocalScale: {x: 0.9999999, y: 0.9999999, z: 0.9999999}
  m_Children:
  - {fileID: 4852145641973446}
  m_Father: {fileID: 4344789533764023}
  m_RootOrder: 0
  m_LocalEulerAnglesHint: {x: -17.45262, y: -0.172787, z: -1.125373}
--- !u!1 &1799220825299626
GameObject:
  m_CorrespondingSourceObject: {fileID: 0}
  m_PrefabInstance: {fileID: 100100000}
  m_PrefabAsset: {fileID: 0}
  serializedVersion: 5
  m_Component:
  - component: {fileID: 4852145641973446}
  m_Layer: 9
  m_Name: r_middle3
  m_TagString: Untagged
  m_Icon: {fileID: 0}
  m_NavMeshLayer: 0
  m_StaticEditorFlags: 0
  m_IsActive: 1
--- !u!4 &4852145641973446
Transform:
  m_CorrespondingSourceObject: {fileID: 0}
  m_PrefabInstance: {fileID: 100100000}
  m_PrefabAsset: {fileID: 0}
  m_GameObject: {fileID: 1799220825299626}
  m_LocalRotation: {x: -0.1604261, y: -5.501097E-05, z: 0.01051465, w: 0.9869919}
  m_LocalPosition: {x: 3.72516E-11, y: 0.0002645061, z: 2.469023E-11}
  m_LocalScale: {x: 0.9999999, y: 0.9999999, z: 0.9999999}
  m_Children:
  - {fileID: 4259031661951885}
  m_Father: {fileID: 4244031301290340}
  m_RootOrder: 0
  m_LocalEulerAnglesHint: {x: -18.46234, y: -0.1870742, z: -1.190319}
--- !u!1 &1738417968520747
GameObject:
  m_CorrespondingSourceObject: {fileID: 0}
  m_PrefabInstance: {fileID: 100100000}
  m_PrefabAsset: {fileID: 0}
  serializedVersion: 5
  m_Component:
  - component: {fileID: 4259031661951885}
  m_Layer: 9
  m_Name: r_middle3_end
  m_TagString: Untagged
  m_Icon: {fileID: 0}
  m_NavMeshLayer: 0
  m_StaticEditorFlags: 0
  m_IsActive: 1
--- !u!4 &4259031661951885
Transform:
  m_CorrespondingSourceObject: {fileID: 0}
  m_PrefabInstance: {fileID: 100100000}
  m_PrefabAsset: {fileID: 0}
  m_GameObject: {fileID: 1738417968520747}
  m_LocalRotation: {x: 0, y: 0, z: 0, w: 1}
  m_LocalPosition: {x: 0, y: 0.0002616322, z: 0}
  m_LocalScale: {x: 1, y: 1, z: 1}
  m_Children: []
  m_Father: {fileID: 4852145641973446}
  m_RootOrder: 0
  m_LocalEulerAnglesHint: {x: 0, y: 0, z: 0}
--- !u!1 &1064061068206891
GameObject:
  m_CorrespondingSourceObject: {fileID: 0}
  m_PrefabInstance: {fileID: 100100000}
  m_PrefabAsset: {fileID: 0}
  serializedVersion: 5
  m_Component:
  - component: {fileID: 4902696022491792}
  m_Layer: 9
  m_Name: r_pinky1
  m_TagString: Untagged
  m_Icon: {fileID: 0}
  m_NavMeshLayer: 0
  m_StaticEditorFlags: 0
  m_IsActive: 1
--- !u!4 &4902696022491792
Transform:
  m_CorrespondingSourceObject: {fileID: 0}
  m_PrefabInstance: {fileID: 100100000}
  m_PrefabAsset: {fileID: 0}
  m_GameObject: {fileID: 1064061068206891}
  m_LocalRotation: {x: -0.2263083, y: 0.01356207, z: -0.0332654, w: 0.9733931}
  m_LocalPosition: {x: -0.0003370028, y: 0.0007869132, z: 2.419529E-11}
  m_LocalScale: {x: 0.9999999, y: 0.9999999, z: 1}
  m_Children:
  - {fileID: 4071827993006339}
  m_Father: {fileID: 4847054860417169}
  m_RootOrder: 2
  m_LocalEulerAnglesHint: {x: -26.19991, y: -0.6500906, z: 4.065888}
--- !u!1 &1605917214776516
GameObject:
  m_CorrespondingSourceObject: {fileID: 0}
  m_PrefabInstance: {fileID: 100100000}
  m_PrefabAsset: {fileID: 0}
  serializedVersion: 5
  m_Component:
  - component: {fileID: 4071827993006339}
  m_Layer: 9
  m_Name: r_pinky2
  m_TagString: Untagged
  m_Icon: {fileID: 0}
  m_NavMeshLayer: 0
  m_StaticEditorFlags: 0
  m_IsActive: 1
--- !u!4 &4071827993006339
Transform:
  m_CorrespondingSourceObject: {fileID: 0}
  m_PrefabInstance: {fileID: 100100000}
  m_PrefabAsset: {fileID: 0}
  m_GameObject: {fileID: 1605917214776516}
  m_LocalRotation: {x: -0.1517251, y: 7.47717E-06, z: 0.009935846, w: 0.9883728}
  m_LocalPosition: {x: 1.206459E-11, y: 0.0004148773, z: -1.414219E-10}
  m_LocalScale: {x: 1, y: 1, z: 1}
  m_Children:
  - {fileID: 4362530064063496}
  m_Father: {fileID: 4902696022491792}
  m_RootOrder: 0
  m_LocalEulerAnglesHint: {x: -17.45299, y: -0.1735959, z: -1.125273}
--- !u!1 &1223817679732690
GameObject:
  m_CorrespondingSourceObject: {fileID: 0}
  m_PrefabInstance: {fileID: 100100000}
  m_PrefabAsset: {fileID: 0}
  serializedVersion: 5
  m_Component:
  - component: {fileID: 4362530064063496}
  m_Layer: 9
  m_Name: r_pinky3
  m_TagString: Untagged
  m_Icon: {fileID: 0}
  m_NavMeshLayer: 0
  m_StaticEditorFlags: 0
  m_IsActive: 1
--- !u!4 &4362530064063496
Transform:
  m_CorrespondingSourceObject: {fileID: 0}
  m_PrefabInstance: {fileID: 100100000}
  m_PrefabAsset: {fileID: 0}
  m_GameObject: {fileID: 1223817679732690}
  m_LocalRotation: {x: -0.1439408, y: 1.488225E-07, z: 0.009424924, w: 0.9895415}
  m_LocalPosition: {x: -7.005951E-13, y: 0.0002252162, z: -2.872917E-10}
  m_LocalScale: {x: 0.9999999, y: 0.9999999, z: 1}
  m_Children:
  - {fileID: 4100176979197887}
  m_Father: {fileID: 4071827993006339}
  m_RootOrder: 0
  m_LocalEulerAnglesHint: {x: -16.55119, y: -0.1554755, z: -1.068785}
--- !u!1 &1461482251501045
GameObject:
  m_CorrespondingSourceObject: {fileID: 0}
  m_PrefabInstance: {fileID: 100100000}
  m_PrefabAsset: {fileID: 0}
  serializedVersion: 5
  m_Component:
  - component: {fileID: 4100176979197887}
  m_Layer: 9
  m_Name: r_pinky3_end
  m_TagString: Untagged
  m_Icon: {fileID: 0}
  m_NavMeshLayer: 0
  m_StaticEditorFlags: 0
  m_IsActive: 1
--- !u!4 &4100176979197887
Transform:
  m_CorrespondingSourceObject: {fileID: 0}
  m_PrefabInstance: {fileID: 100100000}
  m_PrefabAsset: {fileID: 0}
  m_GameObject: {fileID: 1461482251501045}
  m_LocalRotation: {x: 0, y: 0, z: 0, w: 1}
  m_LocalPosition: {x: 0, y: 0.0002109204, z: 0}
  m_LocalScale: {x: 1, y: 1, z: 1}
  m_Children: []
  m_Father: {fileID: 4362530064063496}
  m_RootOrder: 0
  m_LocalEulerAnglesHint: {x: 0, y: 0, z: 0}
--- !u!1 &1007117046335461
GameObject:
  m_CorrespondingSourceObject: {fileID: 0}
  m_PrefabInstance: {fileID: 100100000}
  m_PrefabAsset: {fileID: 0}
  serializedVersion: 5
  m_Component:
  - component: {fileID: 4781362711929510}
  m_Layer: 9
  m_Name: r_ring1
  m_TagString: Untagged
  m_Icon: {fileID: 0}
  m_NavMeshLayer: 0
  m_StaticEditorFlags: 0
  m_IsActive: 1
--- !u!4 &4781362711929510
Transform:
  m_CorrespondingSourceObject: {fileID: 0}
  m_PrefabInstance: {fileID: 100100000}
  m_PrefabAsset: {fileID: 0}
  m_GameObject: {fileID: 1007117046335461}
  m_LocalRotation: {x: -0.1752062, y: 0.008695439, z: -0.04976727, w: 0.9832346}
  m_LocalPosition: {x: -0.0001237219, y: 0.0007849979, z: 1.223431E-11}
  m_LocalScale: {x: 0.9999999, y: 1, z: 1}
  m_Children:
  - {fileID: 4636161551806443}
  m_Father: {fileID: 4847054860417169}
  m_RootOrder: 3
  m_LocalEulerAnglesHint: {x: -20.20641, y: 0.01946676, z: 5.791736}
--- !u!1 &1934096277224766
GameObject:
  m_CorrespondingSourceObject: {fileID: 0}
  m_PrefabInstance: {fileID: 100100000}
  m_PrefabAsset: {fileID: 0}
  serializedVersion: 5
  m_Component:
  - component: {fileID: 4636161551806443}
  m_Layer: 9
  m_Name: r_ring2
  m_TagString: Untagged
  m_Icon: {fileID: 0}
  m_NavMeshLayer: 0
  m_StaticEditorFlags: 0
  m_IsActive: 1
--- !u!4 &4636161551806443
Transform:
  m_CorrespondingSourceObject: {fileID: 0}
  m_PrefabInstance: {fileID: 100100000}
  m_PrefabAsset: {fileID: 0}
  m_GameObject: {fileID: 1934096277224766}
  m_LocalRotation: {x: -0.181948, y: -1.387153E-05, z: 0.01191414, w: 0.983236}
  m_LocalPosition: {x: -1.771207E-11, y: 0.0004226798, z: 3.375847E-11}
  m_LocalScale: {x: 1, y: 1, z: 1}
  m_Children:
  - {fileID: 4308187060383641}
  m_Father: {fileID: 4781362711929510}
  m_RootOrder: 0
  m_LocalEulerAnglesHint: {x: -20.9651, y: -0.2468441, z: -1.342798}
--- !u!1 &1672467395333062
GameObject:
  m_CorrespondingSourceObject: {fileID: 0}
  m_PrefabInstance: {fileID: 100100000}
  m_PrefabAsset: {fileID: 0}
  serializedVersion: 5
  m_Component:
  - component: {fileID: 4308187060383641}
  m_Layer: 9
  m_Name: r_ring3
  m_TagString: Untagged
  m_Icon: {fileID: 0}
  m_NavMeshLayer: 0
  m_StaticEditorFlags: 0
  m_IsActive: 1
--- !u!4 &4308187060383641
Transform:
  m_CorrespondingSourceObject: {fileID: 0}
  m_PrefabInstance: {fileID: 100100000}
  m_PrefabAsset: {fileID: 0}
  m_GameObject: {fileID: 1672467395333062}
  m_LocalRotation: {x: -0.1556922, y: 1.558661E-05, z: 0.0101947, w: 0.987753}
  m_LocalPosition: {x: -6.025629E-11, y: 0.0002733753, z: 5.862534E-10}
  m_LocalScale: {x: 1, y: 1, z: 1}
  m_Children:
  - {fileID: 4683380436233589}
  m_Father: {fileID: 4636161551806443}
  m_RootOrder: 0
  m_LocalEulerAnglesHint: {x: -17.91298, y: -0.1836482, z: -1.153725}
--- !u!1 &1152861992447987
GameObject:
  m_CorrespondingSourceObject: {fileID: 0}
  m_PrefabInstance: {fileID: 100100000}
  m_PrefabAsset: {fileID: 0}
  serializedVersion: 5
  m_Component:
  - component: {fileID: 4683380436233589}
  m_Layer: 9
  m_Name: r_ring3_end
  m_TagString: Untagged
  m_Icon: {fileID: 0}
  m_NavMeshLayer: 0
  m_StaticEditorFlags: 0
  m_IsActive: 1
--- !u!4 &4683380436233589
Transform:
  m_CorrespondingSourceObject: {fileID: 0}
  m_PrefabInstance: {fileID: 100100000}
  m_PrefabAsset: {fileID: 0}
  m_GameObject: {fileID: 1152861992447987}
  m_LocalRotation: {x: 0, y: 0, z: 0, w: 1}
  m_LocalPosition: {x: 0, y: 0.0002440894, z: 0}
  m_LocalScale: {x: 1, y: 1, z: 1}
  m_Children: []
  m_Father: {fileID: 4308187060383641}
  m_RootOrder: 0
  m_LocalEulerAnglesHint: {x: 0, y: 0, z: 0}
--- !u!1 &1415401220064539
GameObject:
  m_CorrespondingSourceObject: {fileID: 0}
  m_PrefabInstance: {fileID: 100100000}
  m_PrefabAsset: {fileID: 0}
  serializedVersion: 5
  m_Component:
  - component: {fileID: 4293161625671102}
  m_Layer: 9
  m_Name: r_thumb1
  m_TagString: Untagged
  m_Icon: {fileID: 0}
  m_NavMeshLayer: 0
  m_StaticEditorFlags: 0
  m_IsActive: 1
--- !u!4 &4293161625671102
Transform:
  m_CorrespondingSourceObject: {fileID: 0}
  m_PrefabInstance: {fileID: 100100000}
  m_PrefabAsset: {fileID: 0}
  m_GameObject: {fileID: 1415401220064539}
  m_LocalRotation: {x: -0.1649583, y: 0.09043533, z: -0.3275532, w: 0.9259153}
  m_LocalPosition: {x: 0.0004299312, y: 0.0004944652, z: 1.461742E-05}
  m_LocalScale: {x: 1, y: 0.9999999, z: 0.9999999}
  m_Children:
  - {fileID: 4876976763010858}
  m_Father: {fileID: 4847054860417169}
  m_RootOrder: 4
  m_LocalEulerAnglesHint: {x: -21.43004, y: -3.405698, z: 39.60826}
--- !u!1 &1102086681172230
GameObject:
  m_CorrespondingSourceObject: {fileID: 0}
  m_PrefabInstance: {fileID: 100100000}
  m_PrefabAsset: {fileID: 0}
  serializedVersion: 5
  m_Component:
  - component: {fileID: 4876976763010858}
  m_Layer: 9
  m_Name: r_thumb2
  m_TagString: Untagged
  m_Icon: {fileID: 0}
  m_NavMeshLayer: 0
  m_StaticEditorFlags: 0
  m_IsActive: 1
--- !u!4 &4876976763010858
Transform:
  m_CorrespondingSourceObject: {fileID: 0}
  m_PrefabInstance: {fileID: 100100000}
  m_PrefabAsset: {fileID: 0}
  m_GameObject: {fileID: 1102086681172230}
  m_LocalRotation: {x: 0.04949138, y: 0.08030798, z: 0.3084798, w: 0.9465418}
  m_LocalPosition: {x: 3.399327E-10, y: 0.0002267446, z: -2.504384E-10}
  m_LocalScale: {x: 1, y: 0.9999999, z: 1}
  m_Children:
  - {fileID: 4173851362767086}
  m_Father: {fileID: 4293161625671102}
  m_RootOrder: 0
  m_LocalEulerAnglesHint: {x: 8.297158, y: -6.978422, z: -36.60857}
--- !u!1 &1060114735597786
GameObject:
  m_CorrespondingSourceObject: {fileID: 0}
  m_PrefabInstance: {fileID: 100100000}
  m_PrefabAsset: {fileID: 0}
  serializedVersion: 5
  m_Component:
  - component: {fileID: 4173851362767086}
  m_Layer: 9
  m_Name: r_thumb3
  m_TagString: Untagged
  m_Icon: {fileID: 0}
  m_NavMeshLayer: 0
  m_StaticEditorFlags: 0
  m_IsActive: 1
--- !u!4 &4173851362767086
Transform:
  m_CorrespondingSourceObject: {fileID: 0}
  m_PrefabInstance: {fileID: 100100000}
  m_PrefabAsset: {fileID: 0}
  m_GameObject: {fileID: 1060114735597786}
  m_LocalRotation: {x: 0.155378, y: -0.07380857, z: 0.02496162, w: 0.9847776}
  m_LocalPosition: {x: -1.763692E-10, y: 0.0001731588, z: -1.419467E-09}
  m_LocalScale: {x: 1, y: 0.9999999, z: 0.9999999}
  m_Children:
  - {fileID: 4994885145819294}
  m_Father: {fileID: 4876976763010858}
  m_RootOrder: 0
  m_LocalEulerAnglesHint: {x: 17.81526, y: 8.808186, z: -1.520799}
--- !u!1 &1056783401899594
GameObject:
  m_CorrespondingSourceObject: {fileID: 0}
  m_PrefabInstance: {fileID: 100100000}
  m_PrefabAsset: {fileID: 0}
  serializedVersion: 5
  m_Component:
  - component: {fileID: 4994885145819294}
  m_Layer: 9
  m_Name: r_thumb3_end
  m_TagString: Untagged
  m_Icon: {fileID: 0}
  m_NavMeshLayer: 0
  m_StaticEditorFlags: 0
  m_IsActive: 1
--- !u!4 &4994885145819294
Transform:
  m_CorrespondingSourceObject: {fileID: 0}
  m_PrefabInstance: {fileID: 100100000}
  m_PrefabAsset: {fileID: 0}
  m_GameObject: {fileID: 1056783401899594}
  m_LocalRotation: {x: 0, y: 0, z: 0, w: 1}
  m_LocalPosition: {x: 0, y: 0.0003275707, z: 0}
  m_LocalScale: {x: 1, y: 1, z: 1}
  m_Children: []
  m_Father: {fileID: 4173851362767086}
  m_RootOrder: 0
  m_LocalEulerAnglesHint: {x: 0, y: 0, z: 0}
--- !u!1 &1426673373084637
GameObject:
  m_CorrespondingSourceObject: {fileID: 0}
  m_PrefabInstance: {fileID: 100100000}
  m_PrefabAsset: {fileID: 0}
  serializedVersion: 5
  m_Component:
  - component: {fileID: 4079239230711959}
  m_Layer: 9
  m_Name: RightHand_Attach
  m_TagString: Untagged
  m_Icon: {fileID: 0}
  m_NavMeshLayer: 0
  m_StaticEditorFlags: 0
  m_IsActive: 1
--- !u!4 &4079239230711959
Transform:
  m_CorrespondingSourceObject: {fileID: 0}
  m_PrefabInstance: {fileID: 100100000}
  m_PrefabAsset: {fileID: 0}
  m_GameObject: {fileID: 1426673373084637}
  m_LocalRotation: {x: -0.3697327, y: -0.3806338, z: -0.5244752, w: -0.6658389}
  m_LocalPosition: {x: 0.00015, y: 0.00067, z: -0.00021}
  m_LocalScale: {x: 1, y: 1, z: 1}
  m_Children: []
  m_Father: {fileID: 4847054860417169}
  m_RootOrder: 5
  m_LocalEulerAnglesHint: {x: 63.89866, y: -6.837296, z: -80.72147}
--- !u!1 &1318318328871123
GameObject:
  m_CorrespondingSourceObject: {fileID: 0}
  m_PrefabInstance: {fileID: 100100000}
  m_PrefabAsset: {fileID: 0}
  serializedVersion: 5
  m_Component:
  - component: {fileID: 4630566389461761}
  - component: {fileID: 137552566362522633}
  m_Layer: 9
  m_Name: goblin
  m_TagString: Untagged
  m_Icon: {fileID: 0}
  m_NavMeshLayer: 0
  m_StaticEditorFlags: 0
  m_IsActive: 1
--- !u!4 &4630566389461761
Transform:
  m_CorrespondingSourceObject: {fileID: 0}
  m_PrefabInstance: {fileID: 100100000}
  m_PrefabAsset: {fileID: 0}
  m_GameObject: {fileID: 1318318328871123}
  m_LocalRotation: {x: -0.7071068, y: 0, z: 0, w: 0.7071068}
  m_LocalPosition: {x: 0, y: 0, z: 0}
  m_LocalScale: {x: 100, y: 100, z: 100}
  m_Children: []
  m_Father: {fileID: 4440172859666531}
  m_RootOrder: 1
  m_LocalEulerAnglesHint: {x: -90, y: 0, z: 0}
--- !u!137 &137552566362522633
SkinnedMeshRenderer:
  m_CorrespondingSourceObject: {fileID: 0}
  m_PrefabInstance: {fileID: 100100000}
  m_PrefabAsset: {fileID: 0}
  m_GameObject: {fileID: 1318318328871123}
  m_Enabled: 1
  m_CastShadows: 1
  m_ReceiveShadows: 1
  m_DynamicOccludee: 1
  m_MotionVectors: 1
  m_LightProbeUsage: 1
  m_ReflectionProbeUsage: 1
  m_RayTracingMode: 0
  m_RenderingLayerMask: 1
  m_RendererPriority: 0
  m_Materials:
  - {fileID: 2100000, guid: b37ab654740b7e04cb45fb309b42cc4b, type: 2}
  m_StaticBatchInfo:
    firstSubMesh: 0
    subMeshCount: 0
  m_StaticBatchRoot: {fileID: 0}
  m_ProbeAnchor: {fileID: 0}
  m_LightProbeVolumeOverride: {fileID: 0}
  m_ScaleInLightmap: 1
  m_ReceiveGI: 1
  m_PreserveUVs: 0
  m_IgnoreNormalsForChartDetection: 0
  m_ImportantGI: 0
  m_StitchLightmapSeams: 0
  m_SelectedEditorRenderState: 3
  m_MinimumChartSize: 4
  m_AutoUVMaxDistance: 0.5
  m_AutoUVMaxAngle: 89
  m_LightmapParameters: {fileID: 0}
  m_SortingLayerID: 0
  m_SortingLayer: 0
  m_SortingOrder: 0
  serializedVersion: 2
  m_Quality: 0
  m_UpdateWhenOffscreen: 0
  m_skinnedMotionVectors: 1
  m_Mesh: {fileID: 4300000, guid: 8bc7a23b586039c4083725e250212691, type: 2}
  m_Bones:
  - {fileID: 4698716082757878}
  - {fileID: 4081701968380089}
  - {fileID: 4490556717375700}
  - {fileID: 4004237393610850}
  - {fileID: 4231069701331678}
  - {fileID: 4255377301684762}
  - {fileID: 4424709923539788}
  - {fileID: 4510014493311629}
  - {fileID: 4013600215408670}
  - {fileID: 4939933639809463}
  - {fileID: 4344613355098423}
  - {fileID: 4169218018882911}
  - {fileID: 4909354656292766}
  - {fileID: 4394180242085509}
  - {fileID: 4692915199879164}
  - {fileID: 4428041072789323}
  - {fileID: 4289430263202845}
  - {fileID: 4351025454216262}
  - {fileID: 4644951362619109}
  - {fileID: 4114986901914946}
  - {fileID: 4240800926497871}
  - {fileID: 4687728669580026}
  - {fileID: 4968100531434537}
  - {fileID: 4398362654975213}
  - {fileID: 4065460435235027}
  - {fileID: 4520047607182432}
  - {fileID: 4073776938183008}
  - {fileID: 4129670701979103}
  - {fileID: 4176652536202505}
  - {fileID: 4440032610539642}
  - {fileID: 4758960181279144}
  - {fileID: 4593265001279846}
  - {fileID: 4979720216148026}
  - {fileID: 4847054860417169}
  - {fileID: 4781362711929510}
  - {fileID: 4636161551806443}
  - {fileID: 4308187060383641}
  - {fileID: 4902696022491792}
  - {fileID: 4071827993006339}
  - {fileID: 4362530064063496}
  - {fileID: 4344789533764023}
  - {fileID: 4244031301290340}
  - {fileID: 4852145641973446}
  - {fileID: 4777320159936507}
  - {fileID: 4104290056560310}
  - {fileID: 4830931708014823}
  - {fileID: 4293161625671102}
  - {fileID: 4876976763010858}
  - {fileID: 4173851362767086}
  - {fileID: 4973291400303781}
  - {fileID: 4655852015340650}
  - {fileID: 4477081965543766}
  - {fileID: 4588616963307313}
  m_BlendShapeWeights: []
  m_RootBone: {fileID: 4698716082757878}
  m_AABB:
    m_Center: {x: -0.0004983591, y: 0.0073984, z: -0.0007930287}
    m_Extent: {x: 0.004547501, y: 0.007834112, z: 0.002869617}
  m_DirtyAABB: 0
