%YAML 1.1
%TAG !u! tag:unity3d.com,2011:
--- !u!1001 &100100000
PrefabInstance:
  serializedVersion: 2
  m_RootGameObject: {fileID: 1569888679885582}
  m_Modification:
    m_TransformParent: {fileID: 0}
    m_Modifications: []
    m_RemovedComponents: []
  m_SourcePrefab: {fileID: 0}
--- !u!1 &1569888679885582
GameObject:
  m_CorrespondingSourceObject: {fileID: 0}
  m_PrefabInstance: {fileID: 100100000}
  m_PrefabAsset: {fileID: 0}
  serializedVersion: 5
  m_Component:
  - component: {fileID: 4847934694527040}
  - component: {fileID: 136478163273684342}
  - component: {fileID: 54791883845697724}
  - component: {fileID: 114094969848233653}
  - component: {fileID: 114580655846931240}
  - component: {fileID: 114237572736403423}
  - component: {fileID: 114246599204284243}
  - component: {fileID: 114355334184677788}
  - component: {fileID: 114120243253558303}
  - component: {fileID: 114967252193920040}
  - component: {fileID: 114182648584248350}
  m_Layer: 9
  m_Name: GoblinBrute
  m_TagString: Untagged
  m_Icon: {fileID: 0}
  m_NavMeshLayer: 0
  m_StaticEditorFlags: 0
  m_IsActive: 1
--- !u!4 &4847934694527040
Transform:
  m_CorrespondingSourceObject: {fileID: 0}
  m_PrefabInstance: {fileID: 100100000}
  m_PrefabAsset: {fileID: 0}
  m_GameObject: {fileID: 1569888679885582}
  m_LocalRotation: {x: 0, y: 0, z: 0, w: 1}
  m_LocalPosition: {x: 0, y: 50, z: 0}
  m_LocalScale: {x: 1, y: 1, z: 1}
  m_Children:
  - {fileID: 4294360530346429}
  - {fileID: 4772277786420659}
  m_Father: {fileID: 0}
  m_RootOrder: 0
  m_LocalEulerAnglesHint: {x: 0, y: 0, z: 0}
--- !u!136 &136478163273684342
CapsuleCollider:
  m_CorrespondingSourceObject: {fileID: 0}
  m_PrefabInstance: {fileID: 100100000}
  m_PrefabAsset: {fileID: 0}
  m_GameObject: {fileID: 1569888679885582}
  m_Material: {fileID: 13400000, guid: c9bbb846b6d478b4788dab4ce0911a93, type: 2}
  m_IsTrigger: 0
  m_Enabled: 1
  m_Radius: 0.8
  m_Height: 3.5
  m_Direction: 1
  m_Center: {x: 0, y: 1.75, z: 0}
--- !u!54 &54791883845697724
Rigidbody:
  m_CorrespondingSourceObject: {fileID: 0}
  m_PrefabInstance: {fileID: 100100000}
  m_PrefabAsset: {fileID: 0}
  m_GameObject: {fileID: 1569888679885582}
  serializedVersion: 2
  m_Mass: 50
  m_Drag: 0
  m_AngularDrag: 0.05
  m_UseGravity: 1
  m_IsKinematic: 0
  m_Interpolate: 0
  m_Constraints: 112
  m_CollisionDetection: 0
--- !u!114 &114094969848233653
MonoBehaviour:
  m_CorrespondingSourceObject: {fileID: 0}
  m_PrefabInstance: {fileID: 100100000}
  m_PrefabAsset: {fileID: 0}
  m_GameObject: {fileID: 1569888679885582}
  m_Enabled: 1
  m_EditorHideFlags: 0
  m_Script: {fileID: 11500000, guid: 882089d018a4e7046bfd1a06af0a7282, type: 3}
  m_Name:
  m_EditorClassIdentifier:
  m_name: $enemy_goblinbrute
  m_group:
  m_faction: 7
  m_boss: 0
  m_bossEvent:
  m_defeatSetGlobalKey:
  m_crouchSpeed: 2
  m_walkSpeed: 5
  m_speed: 2
  m_turnSpeed: 150
  m_runSpeed: 5
  m_runTurnSpeed: 300
  m_flySlowSpeed: 5
  m_flyFastSpeed: 12
  m_flyTurnSpeed: 12
  m_acceleration: 0.2
  m_jumpForce: 10
  m_jumpForceForward: 0
  m_jumpForceTiredFactor: 0.7
  m_airControl: 0.1
  m_canSwim: 1
  m_swimDepth: 2.67
  m_swimSpeed: 1.5
  m_swimTurnSpeed: 100
  m_swimAcceleration: 0.05
  m_groundTilt: 0
  m_flying: 0
  m_jumpStaminaUsage: 10
  m_eye: {fileID: 4294360530346429}
  m_hitEffects:
    m_effectPrefabs:
    - m_prefab: {fileID: 1886489823343432, guid: d38ad121dc947a941b68d25d9edae1d2, type: 2}
      m_enabled: 1
      m_variant: -1
      m_attach: 0
      m_inheritParentRotation: 0
      m_inheritParentScale: 0
      m_randomRotation: 0
      m_scale: 0
      m_childTransform:
    - m_prefab: {fileID: 1381822882864766, guid: c9752470a5cebfe4c9d9b42ff88764b1, type: 2}
      m_enabled: 1
      m_variant: -1
      m_attach: 0
      m_inheritParentRotation: 0
      m_inheritParentScale: 0
      m_randomRotation: 0
      m_scale: 0
      m_childTransform:
  m_critHitEffects:
    m_effectPrefabs:
    - m_prefab: {fileID: 1193272494661830, guid: 9a5351ce2767fe740ba6bd7518a12ebc, type: 2}
      m_enabled: 1
      m_variant: -1
      m_attach: 0
      m_inheritParentRotation: 0
      m_inheritParentScale: 0
      m_randomRotation: 0
      m_scale: 0
      m_childTransform:
  m_backstabHitEffects:
    m_effectPrefabs:
    - m_prefab: {fileID: 1071539778213133, guid: 9cff6e4fdf7ba8044868a6c19080fb3d, type: 2}
      m_enabled: 1
      m_variant: -1
      m_attach: 0
      m_inheritParentRotation: 0
      m_inheritParentScale: 0
      m_randomRotation: 0
      m_scale: 0
      m_childTransform:
  m_deathEffects:
    m_effectPrefabs:
    - m_prefab: {fileID: 1031131859564026, guid: 65018a6a682606a43b024b9713ef7296, type: 2}
      m_enabled: 1
      m_variant: -1
      m_attach: 0
      m_inheritParentRotation: 0
      m_inheritParentScale: 0
      m_randomRotation: 0
      m_scale: 0
      m_childTransform:
    - m_prefab: {fileID: 1965074192427065, guid: fa658e128f79698479fae0ec7fc7dbff, type: 2}
      m_enabled: 1
      m_variant: -1
      m_attach: 0
      m_inheritParentRotation: 0
      m_inheritParentScale: 0
      m_randomRotation: 0
      m_scale: 0
      m_childTransform:
    - m_prefab: {fileID: 1278698935462518, guid: 3df9061cbfbe40b4f9a2bb62b98aad83, type: 2}
      m_enabled: 1
      m_variant: -1
      m_attach: 0
      m_inheritParentRotation: 0
      m_inheritParentScale: 0
      m_randomRotation: 0
      m_scale: 0
      m_childTransform:
  m_waterEffects:
    m_effectPrefabs:
    - m_prefab: {fileID: 1155668354953235, guid: 96c1c5a0fbb2de34aa0d27a362a67bec, type: 2}
      m_enabled: 1
      m_variant: -1
      m_attach: 1
      m_inheritParentRotation: 0
      m_inheritParentScale: 0
      m_randomRotation: 0
      m_scale: 0
      m_childTransform:
  m_tarEffects:
    m_effectPrefabs: []
  m_slideEffects:
    m_effectPrefabs: []
  m_jumpEffects:
    m_effectPrefabs: []
  m_tolerateWater: 1
  m_tolerateFire: 0
  m_tolerateSmoke: 0
  m_tolerateTar: 0
  m_health: 800
  m_damageModifiers:
    m_blunt: 0
    m_slash: 0
    m_pierce: 0
    m_chop: 4
    m_pickaxe: 4
    m_fire: 0
    m_frost: 0
    m_lightning: 0
    m_poison: 0
    m_spirit: 3
  m_staggerWhenBlocked: 1
  m_staggerDamageFactor: 0.3
  m_equipStaminaDrain: 10
  m_blockStaminaDrain: 25
  m_defaultItems:
  - {fileID: 1132138585943400, guid: 0c68d3b17b9cc08408fd3ba37ea45981, type: 2}
  - {fileID: 1717122073239123, guid: 747d5565be128a045ad779905f0c3b2a, type: 2}
  - {fileID: 1550935108254462, guid: 05d541efa3bc70f44ac188557b1d6599, type: 2}
  m_randomWeapon: []
  m_randomArmor: []
  m_randomShield: []
  m_randomSets:
  - m_name:
    m_items:
    - {fileID: 1474722763687997, guid: 195f5b829af67084db42df48b2949a1f, type: 2}
    - {fileID: 1611669289667539, guid: 7d11072f59ba7754b84e5cf89232b44a, type: 2}
    - {fileID: 1067014151488095, guid: 2d2f24dffd4c0a14da7f54ec9360b87a, type: 2}
    - {fileID: 1625709775564918, guid: 718c35d2d4c069a459f7e846fe19ea49, type: 2}
    - {fileID: 1463847591946890, guid: 4398e1bad2c82484f81c16d551cca998, type: 2}
  - m_name:
    m_items:
    - {fileID: 1949077436003514, guid: cb74ab1b948bc6f4ab221cab3693e130, type: 2}
    - {fileID: 1474722763687997, guid: 195f5b829af67084db42df48b2949a1f, type: 2}
    - {fileID: 1067014151488095, guid: 2d2f24dffd4c0a14da7f54ec9360b87a, type: 2}
    - {fileID: 1625709775564918, guid: 718c35d2d4c069a459f7e846fe19ea49, type: 2}
    - {fileID: 1463847591946890, guid: 4398e1bad2c82484f81c16d551cca998, type: 2}
  - m_name:
    m_items:
    - {fileID: 1067014151488095, guid: 2d2f24dffd4c0a14da7f54ec9360b87a, type: 2}
  - m_name:
    m_items:
    - {fileID: 1067014151488095, guid: 2d2f24dffd4c0a14da7f54ec9360b87a, type: 2}
    - {fileID: 1474722763687997, guid: 195f5b829af67084db42df48b2949a1f, type: 2}
    - {fileID: 1625709775564918, guid: 718c35d2d4c069a459f7e846fe19ea49, type: 2}
    - {fileID: 1463847591946890, guid: 4398e1bad2c82484f81c16d551cca998, type: 2}
  m_unarmedWeapon: {fileID: 0}
  m_pickupEffects:
    m_effectPrefabs: []
  m_dropEffects:
    m_effectPrefabs: []
  m_consumeItemEffects:
    m_effectPrefabs: []
  m_equipEffects:
    m_effectPrefabs: []
  m_perfectBlockEffect:
    m_effectPrefabs: []
--- !u!114 &114580655846931240
MonoBehaviour:
  m_CorrespondingSourceObject: {fileID: 0}
  m_PrefabInstance: {fileID: 100100000}
  m_PrefabAsset: {fileID: 0}
  m_GameObject: {fileID: 1569888679885582}
  m_Enabled: 1
  m_EditorHideFlags: 0
  m_Script: {fileID: 11500000, guid: 8d13d63090ca3f942b327ae131eec5a0, type: 3}
  m_Name:
  m_EditorClassIdentifier:
  m_persistent: 1
  m_distant: 0
  m_type: 0
  m_syncInitialScale: 0
--- !u!114 &114237572736403423
MonoBehaviour:
  m_CorrespondingSourceObject: {fileID: 0}
  m_PrefabInstance: {fileID: 100100000}
  m_PrefabAsset: {fileID: 0}
  m_GameObject: {fileID: 1569888679885582}
  m_Enabled: 1
  m_EditorHideFlags: 0
  m_Script: {fileID: 11500000, guid: 11e1576937b9e9341b3d0ceb138d6e14, type: 3}
  m_Name:
  m_EditorClassIdentifier:
  m_syncPosition: 1
  m_syncRotation: 1
  m_syncScale: 0
  m_syncBodyVelocity: 0
  m_characterParentSync: 0
--- !u!114 &114246599204284243
MonoBehaviour:
  m_CorrespondingSourceObject: {fileID: 0}
  m_PrefabInstance: {fileID: 100100000}
  m_PrefabAsset: {fileID: 0}
  m_GameObject: {fileID: 1569888679885582}
  m_Enabled: 1
  m_EditorHideFlags: 0
  m_Script: {fileID: 11500000, guid: a802ec82669cda048b5675bd0f37c1c5, type: 3}
  m_Name:
  m_EditorClassIdentifier:
  m_syncBools:
  - alert
  - inWater
  m_syncFloats:
  - forward_speed
  - body_forward_speed
  - turn_speed
  m_syncInts: []
  m_smoothCharacterSpeeds: 1
--- !u!114 &114355334184677788
MonoBehaviour:
  m_CorrespondingSourceObject: {fileID: 0}
  m_PrefabInstance: {fileID: 100100000}
  m_PrefabAsset: {fileID: 0}
  m_GameObject: {fileID: 1569888679885582}
  m_Enabled: 1
  m_EditorHideFlags: 0
  m_Script: {fileID: 11500000, guid: 6612aa602f2d46b46aacb62f7b3946b5, type: 3}
  m_Name:
  m_EditorClassIdentifier:
  m_viewRange: 30
  m_viewAngle: 90
  m_hearRange: 9999
  m_alertedEffects:
    m_effectPrefabs:
    - m_prefab: {fileID: 1280176151602214, guid: 0fa5d411f55d8eb4f99600fbed3bbf79, type: 2}
      m_enabled: 1
      m_variant: -1
      m_attach: 0
      m_inheritParentRotation: 0
      m_inheritParentScale: 0
      m_randomRotation: 0
      m_scale: 0
      m_childTransform:
  m_idleSound:
    m_effectPrefabs: []
  m_idleSoundInterval: 5
  m_idleSoundChance: 0.25
  m_pathAgentType: 10
  m_moveMinAngle: 90
  m_smoothMovement: 1
  m_serpentMovement: 0
  m_serpentTurnRadius: 20
  m_jumpInterval: 0
  m_randomCircleInterval: 2
  m_randomMoveInterval: 40
  m_randomMoveRange: 10
  m_randomFly: 0
  m_chanceToTakeoff: 1
  m_chanceToLand: 1
  m_groundDuration: 10
  m_airDuration: 10
  m_maxLandAltitude: 5
  m_flyAltitudeMin: 3
  m_flyAltitudeMax: 10
  m_takeoffTime: 5
  m_avoidFire: 0
  m_afraidOfFire: 0
  m_avoidWater: 1
  m_spawnMessage:
  m_deathMessage:
  m_alertRange: 20
  m_fleeIfHurtWhenTargetCantBeReached: 1
  m_fleeIfNotAlerted: 0
  m_fleeIfLowHealth: 0
  m_circulateWhileCharging: 0
  m_circulateWhileChargingFlying: 0
  m_enableHuntPlayer: 0
  m_attackPlayerObjects: 1
  m_interceptTimeMax: 1
  m_interceptTimeMin: 0
  m_maxChaseDistance: 300
  m_minAttackInterval: 0
  m_circleTargetInterval: 0
  m_circleTargetDuration: 10
  m_circleTargetDistance: 10
  m_sleeping: 0
  m_noiseWakeup: 0
  m_noiseRangeScale: 1
  m_wakeupRange: 5
  m_wakeupEffects:
    m_effectPrefabs: []
  m_avoidLand: 0
  m_consumeItems: []
  m_consumeRange: 2
  m_consumeSearchRange: 5
  m_consumeSearchInterval: 10
--- !u!114 &114120243253558303
MonoBehaviour:
  m_CorrespondingSourceObject: {fileID: 0}
  m_PrefabInstance: {fileID: 100100000}
  m_PrefabAsset: {fileID: 0}
  m_GameObject: {fileID: 1569888679885582}
  m_Enabled: 1
  m_EditorHideFlags: 0
  m_Script: {fileID: 11500000, guid: 41abc9bfa4428a548aa6aa189c08e211, type: 3}
  m_Name:
  m_EditorClassIdentifier:
  m_spawnOffset: {x: 0, y: 0, z: 0}
  m_drops:
  - m_prefab: {fileID: 1715511214275898, guid: d7fc17f7d13102f46b8e2af4c0778c20, type: 2}
    m_amountMin: 5
    m_amountMax: 20
    m_chance: 1
    m_onePerPlayer: 0
    m_levelMultiplier: 1
  - m_prefab: {fileID: 1300072799598365, guid: 3563680a7a604cf4ab8f243208ab2108, type: 2}
    m_amountMin: 3
    m_amountMax: 5
    m_chance: 1
    m_onePerPlayer: 0
    m_levelMultiplier: 1
  - m_prefab: {fileID: 1243876277516991, guid: 7afe2f8597d14c545a2bc6a28a752406, type: 2}
    m_amountMin: 1
    m_amountMax: 1
    m_chance: 0.1
    m_onePerPlayer: 0
    m_levelMultiplier: 0
  - m_prefab: {fileID: 1814397749751949, guid: 5ada68434ddff6d4fada106210f738ce, type: 2}
    m_amountMin: 1
    m_amountMax: 1
    m_chance: 0.05
    m_onePerPlayer: 0
    m_levelMultiplier: 0
--- !u!114 &114967252193920040
MonoBehaviour:
  m_CorrespondingSourceObject: {fileID: 0}
  m_PrefabInstance: {fileID: 100100000}
  m_PrefabAsset: {fileID: 0}
  m_GameObject: {fileID: 1569888679885582}
  m_Enabled: 1
  m_EditorHideFlags: 0
  m_Script: {fileID: 11500000, guid: 7b49165016a1da34e876bff0fc14633f, type: 3}
  m_Name:
  m_EditorClassIdentifier:
  m_bodyModel: {fileID: 137388905561993310}
  m_leftHand: {fileID: 4911895269628964}
  m_rightHand: {fileID: 4415470127902205}
  m_helmet: {fileID: 4854368059522998}
  m_backShield: {fileID: 0}
  m_backMelee: {fileID: 0}
  m_backTwohandedMelee: {fileID: 0}
  m_backBow: {fileID: 0}
  m_backTool: {fileID: 0}
  m_backAtgeir: {fileID: 0}
  m_clothColliders: []
  m_models: []
  m_isPlayer: 0
  m_useAllTrails: 0
--- !u!114 &114182648584248350
MonoBehaviour:
  m_CorrespondingSourceObject: {fileID: 0}
  m_PrefabInstance: {fileID: 100100000}
  m_PrefabAsset: {fileID: 0}
  m_GameObject: {fileID: 1569888679885582}
  m_Enabled: 1
  m_EditorHideFlags: 0
  m_Script: {fileID: 11500000, guid: df4408decf5459c4785b721d2a554ccf, type: 3}
  m_Name:
  m_EditorClassIdentifier:
  m_footstepCullDistance: 20
  m_effects:
  - m_name: walk
    m_motionType: 1
    m_material: 1
    m_effectPrefabs:
    - {fileID: 1343035836732730, guid: a71201d09deeec9479319f7753428bf7, type: 2}
  - m_name: run
    m_motionType: 2
    m_material: 1
    m_effectPrefabs:
    - {fileID: 1503300605028261, guid: 83e08743950e5034482508c5346c6800, type: 2}
  - m_name: shallow water
    m_motionType: 7
    m_material: 2
    m_effectPrefabs:
    - {fileID: 1947362053527235, guid: 8a59181f662afb54fb2749fb73247d6e, type: 2}
  - m_name: mud walk
    m_motionType: 5
    m_material: 32
    m_effectPrefabs:
    - {fileID: 1817401019773272, guid: 58949d8c3153d63468b81c90416ce68e, type: 2}
  - m_name: mud run
    m_motionType: 2
    m_material: 32
    m_effectPrefabs:
    - {fileID: 1867658108709381, guid: 397d7eb1b48f6a343ae3632b7354858b, type: 2}
  - m_name: swim
    m_motionType: 16
    m_material: 2
    m_effectPrefabs:
    - {fileID: 1666194940656648, guid: 695a11c34f186ca48836b16561a28d96, type: 2}
  - m_name: sneak
    m_motionType: 4
    m_material: 1
    m_effectPrefabs:
    - {fileID: 1677796963693082, guid: bc05e3da98461964e9469a78fe10dd53, type: 2}
  - m_name: climb
    m_motionType: 8
    m_material: 1
    m_effectPrefabs:
    - {fileID: 1333057043943392, guid: 95822e456a0333446b57f51da773455f, type: 2}
  - m_name: snow walk
    m_motionType: 5
    m_material: 16
    m_effectPrefabs:
    - {fileID: 1495195669590688, guid: 01dc81b3aa93ff84783719de66fa1f14, type: 2}
  - m_name: snow run
    m_motionType: 2
    m_material: 16
    m_effectPrefabs:
    - {fileID: 1842456872057413, guid: e94c98fba6921fd4a9880a2d50b688ff, type: 2}
  m_feet:
  - {fileID: 4159442989201259}
  - {fileID: 4259051712435478}
--- !u!1 &1990394221440256
GameObject:
  m_CorrespondingSourceObject: {fileID: 0}
  m_PrefabInstance: {fileID: 100100000}
  m_PrefabAsset: {fileID: 0}
  serializedVersion: 5
  m_Component:
  - component: {fileID: 4294360530346429}
  m_Layer: 9
  m_Name: EyePos
  m_TagString: Untagged
  m_Icon: {fileID: 0}
  m_NavMeshLayer: 0
  m_StaticEditorFlags: 0
  m_IsActive: 1
--- !u!4 &4294360530346429
Transform:
  m_CorrespondingSourceObject: {fileID: 0}
  m_PrefabInstance: {fileID: 100100000}
  m_PrefabAsset: {fileID: 0}
  m_GameObject: {fileID: 1990394221440256}
  m_LocalRotation: {x: 0, y: 0, z: 0, w: 1}
  m_LocalPosition: {x: 0, y: 4.82, z: 0}
  m_LocalScale: {x: 1, y: 1, z: 1}
  m_Children: []
  m_Father: {fileID: 4847934694527040}
  m_RootOrder: 0
  m_LocalEulerAnglesHint: {x: 0, y: 0, z: 0}
--- !u!1 &1757567628666196
GameObject:
  m_CorrespondingSourceObject: {fileID: 0}
  m_PrefabInstance: {fileID: 100100000}
  m_PrefabAsset: {fileID: 0}
  serializedVersion: 5
  m_Component:
  - component: {fileID: 4772277786420659}
  - component: {fileID: 95759449634168623}
  - component: {fileID: 114904012951594570}
  - component: {fileID: 114595042867794055}
  - component: {fileID: 205148657124890413}
  - component: {fileID: 114738979325142671}
  m_Layer: 9
  m_Name: Visual
  m_TagString: Untagged
  m_Icon: {fileID: 0}
  m_NavMeshLayer: 0
  m_StaticEditorFlags: 0
  m_IsActive: 1
--- !u!4 &4772277786420659
Transform:
  m_CorrespondingSourceObject: {fileID: 0}
  m_PrefabInstance: {fileID: 100100000}
  m_PrefabAsset: {fileID: 0}
  m_GameObject: {fileID: 1757567628666196}
  m_LocalRotation: {x: 0, y: 0, z: 0, w: 1}
  m_LocalPosition: {x: 0, y: 0, z: 0}
  m_LocalScale: {x: 0.7, y: 0.7, z: 0.7}
  m_Children:
  - {fileID: 4274674474326057}
  - {fileID: 4834985851771022}
  m_Father: {fileID: 4847934694527040}
  m_RootOrder: 1
  m_LocalEulerAnglesHint: {x: 0, y: 0, z: 0}
--- !u!95 &95759449634168623
Animator:
  serializedVersion: 3
  m_CorrespondingSourceObject: {fileID: 0}
  m_PrefabInstance: {fileID: 100100000}
  m_PrefabAsset: {fileID: 0}
  m_GameObject: {fileID: 1757567628666196}
  m_Enabled: 1
  m_Avatar: {fileID: 9000000, guid: 05940a4d8cbb56748a61402ed7456308, type: 2}
  m_Controller: {fileID: 9100000, guid: 0e544ed8f080f4243a8bf350b2c6b303, type: 2}
  m_CullingMode: 1
  m_UpdateMode: 1
  m_ApplyRootMotion: 1
  m_LinearVelocityBlending: 0
  m_WarningMessage:
  m_HasTransformHierarchy: 1
  m_AllowConstantClipSamplingOptimization: 1
  m_KeepAnimatorControllerStateOnDisable: 0
--- !u!114 &114904012951594570
MonoBehaviour:
  m_CorrespondingSourceObject: {fileID: 0}
  m_PrefabInstance: {fileID: 100100000}
  m_PrefabAsset: {fileID: 0}
  m_GameObject: {fileID: 1757567628666196}
  m_Enabled: 1
  m_EditorHideFlags: 0
  m_Script: {fileID: 11500000, guid: 3bab968587be1b644897e144a2984da4, type: 3}
  m_Name:
  m_EditorClassIdentifier:
  m_footIK: 1
  m_footDownMax: 0.4
  m_footOffset: 0.17
  m_footStepHeight: 1
  m_stabalizeDistance: 0
  m_useFeetValues: 0
  m_feets:
  - m_transform: {fileID: 4159442989201259}
    m_ikHandle: 0
    m_footDownMax: 0.4
    m_footOffset: 0.1
    m_footStepHeight: 1
    m_stabalizeDistance: 0
  - m_transform: {fileID: 4259051712435478}
    m_ikHandle: 1
    m_footDownMax: 0.4
    m_footOffset: 0.1
    m_footStepHeight: 1
    m_stabalizeDistance: 0
  m_headRotation: 1
  m_eyes: []
  m_lookWeight: 1
  m_bodyLookWeight: 0.1
  m_headLookWeight: 0.4
  m_eyeLookWeight: 0
  m_lookClamp: 0.4
  m_lookAt: {fileID: 0}
  m_femaleHack: 0
  m_leftShoulder: {fileID: 0}
  m_rightShoulder: {fileID: 0}
  m_femaleOffset: 0.0004
  m_maleOffset: 0.0007651657
--- !u!114 &114595042867794055
MonoBehaviour:
  m_CorrespondingSourceObject: {fileID: 0}
  m_PrefabInstance: {fileID: 100100000}
  m_PrefabAsset: {fileID: 0}
  m_GameObject: {fileID: 1757567628666196}
  m_Enabled: 1
  m_EditorHideFlags: 0
  m_Script: {fileID: 11500000, guid: d70e634ff7b36364db4ef59048b5692c, type: 3}
  m_Name:
  m_EditorClassIdentifier:
  m_mainRender: {fileID: 137388905561993310}
  m_baseEnableObject: {fileID: 0}
  m_levelSetups:
  - m_scale: 0.75
    m_hue: -0.1
    m_saturation: -0.1
    m_value: 0
    m_enableObject: {fileID: 0}
  - m_scale: 0.8
    m_hue: -0.18
    m_saturation: 0
    m_value: 0
    m_enableObject: {fileID: 0}
--- !u!205 &205148657124890413
LODGroup:
  m_CorrespondingSourceObject: {fileID: 0}
  m_PrefabInstance: {fileID: 100100000}
  m_PrefabAsset: {fileID: 0}
  m_GameObject: {fileID: 1757567628666196}
  serializedVersion: 2
  m_LocalReferencePoint: {x: 9.536743E-07, y: 2.900963, z: 0.02354336}
  m_Size: 8.374615
  m_FadeMode: 1
  m_AnimateCrossFading: 1
  m_LastLODIsBillboard: 0
  m_LODs:
  - screenRelativeHeight: 0.07990106
    fadeTransitionWidth: 0
    renderers:
    - renderer: {fileID: 137388905561993310}
  m_Enabled: 1
--- !u!114 &114738979325142671
MonoBehaviour:
  m_CorrespondingSourceObject: {fileID: 0}
  m_PrefabInstance: {fileID: 100100000}
  m_PrefabAsset: {fileID: 0}
  m_GameObject: {fileID: 1757567628666196}
  m_Enabled: 1
  m_EditorHideFlags: 0
  m_Script: {fileID: 11500000, guid: 58773ae7dd5617b4d80a3930a67b16e7, type: 3}
  m_Name:
  m_EditorClassIdentifier:
  m_effectRoot: {fileID: 0}
--- !u!1 &1333845128457654
GameObject:
  m_CorrespondingSourceObject: {fileID: 0}
  m_PrefabInstance: {fileID: 100100000}
  m_PrefabAsset: {fileID: 0}
  serializedVersion: 5
  m_Component:
  - component: {fileID: 4274674474326057}
  m_Layer: 9
  m_Name: Armature
  m_TagString: Untagged
  m_Icon: {fileID: 0}
  m_NavMeshLayer: 0
  m_StaticEditorFlags: 0
  m_IsActive: 1
--- !u!4 &4274674474326057
Transform:
  m_CorrespondingSourceObject: {fileID: 0}
  m_PrefabInstance: {fileID: 100100000}
  m_PrefabAsset: {fileID: 0}
  m_GameObject: {fileID: 1333845128457654}
  m_LocalRotation: {x: -0.7071068, y: 0, z: 0, w: 0.7071067}
  m_LocalPosition: {x: 0, y: 0, z: 0}
  m_LocalScale: {x: 100, y: 100, z: 100}
  m_Children:
  - {fileID: 4083271813352680}
  m_Father: {fileID: 4772277786420659}
  m_RootOrder: 0
  m_LocalEulerAnglesHint: {x: -90.00001, y: 0, z: 0}
--- !u!1 &1510071188803682
GameObject:
  m_CorrespondingSourceObject: {fileID: 0}
  m_PrefabInstance: {fileID: 100100000}
  m_PrefabAsset: {fileID: 0}
  serializedVersion: 5
  m_Component:
  - component: {fileID: 4083271813352680}
  m_Layer: 9
  m_Name: Root
  m_TagString: Untagged
  m_Icon: {fileID: 0}
  m_NavMeshLayer: 0
  m_StaticEditorFlags: 0
  m_IsActive: 1
--- !u!4 &4083271813352680
Transform:
  m_CorrespondingSourceObject: {fileID: 0}
  m_PrefabInstance: {fileID: 100100000}
  m_PrefabAsset: {fileID: 0}
  m_GameObject: {fileID: 1510071188803682}
  m_LocalRotation: {x: -1.413012E-07, y: 0.7116237, z: 0.7025608, w: -1.395017E-07}
  m_LocalPosition: {x: 0, y: 0, z: 0}
  m_LocalScale: {x: 1, y: 0.9999996, z: 0.9999999}
  m_Children:
  - {fileID: 4496408570001662}
  m_Father: {fileID: 4274674474326057}
  m_RootOrder: 0
  m_LocalEulerAnglesHint: {x: 90.73436, y: 4.177206E-13, z: 180}
--- !u!1 &1462383115615565
GameObject:
  m_CorrespondingSourceObject: {fileID: 0}
  m_PrefabInstance: {fileID: 100100000}
  m_PrefabAsset: {fileID: 0}
  serializedVersion: 5
  m_Component:
  - component: {fileID: 4496408570001662}
  m_Layer: 9
  m_Name: Hip2
  m_TagString: Untagged
  m_Icon: {fileID: 0}
  m_NavMeshLayer: 0
  m_StaticEditorFlags: 0
  m_IsActive: 1
--- !u!4 &4496408570001662
Transform:
  m_CorrespondingSourceObject: {fileID: 0}
  m_PrefabInstance: {fileID: 100100000}
  m_PrefabAsset: {fileID: 0}
  m_GameObject: {fileID: 1462383115615565}
  m_LocalRotation: {x: -0.006408467, y: -3.845977E-09, z: 1.350411E-09, w: 0.9999795}
  m_LocalPosition: {x: -1.332268E-17, y: 0.02364472, z: 7.268491E-17}
  m_LocalScale: {x: 1, y: 1, z: 1}
  m_Children:
  - {fileID: 4416442491115671}
  m_Father: {fileID: 4083271813352680}
  m_RootOrder: 0
  m_LocalEulerAnglesHint: {x: -0.7343612, y: 4.397158E-07, z: -1.575668E-07}
--- !u!1 &1516515275575976
GameObject:
  m_CorrespondingSourceObject: {fileID: 0}
  m_PrefabInstance: {fileID: 100100000}
  m_PrefabAsset: {fileID: 0}
  serializedVersion: 5
  m_Component:
  - component: {fileID: 4416442491115671}
  m_Layer: 9
  m_Name: Hip
  m_TagString: Untagged
  m_Icon: {fileID: 0}
  m_NavMeshLayer: 0
  m_StaticEditorFlags: 0
  m_IsActive: 1
--- !u!4 &4416442491115671
Transform:
  m_CorrespondingSourceObject: {fileID: 0}
  m_PrefabInstance: {fileID: 100100000}
  m_PrefabAsset: {fileID: 0}
  m_GameObject: {fileID: 1516515275575976}
  m_LocalRotation: {x: -0.03320734, y: -2.074597E-08, z: 7.814558E-09, w: 0.9994485}
  m_LocalPosition: {x: -9.902568E-18, y: 0.003661818, z: 6.803009E-12}
  m_LocalScale: {x: 1, y: 1, z: 1}
  m_Children:
  - {fileID: 4321451273568362}
  - {fileID: 4605285153774091}
  - {fileID: 4142425753328163}
  m_Father: {fileID: 4496408570001662}
  m_RootOrder: 0
  m_LocalEulerAnglesHint: {x: -3.80598, y: 2.346265E-06, z: -9.739327E-07}
--- !u!1 &1665197193168220
GameObject:
  m_CorrespondingSourceObject: {fileID: 0}
  m_PrefabInstance: {fileID: 100100000}
  m_PrefabAsset: {fileID: 0}
  serializedVersion: 5
  m_Component:
  - component: {fileID: 4321451273568362}
  m_Layer: 9
  m_Name: Spine1
  m_TagString: Untagged
  m_Icon: {fileID: 0}
  m_NavMeshLayer: 0
  m_StaticEditorFlags: 0
  m_IsActive: 1
--- !u!4 &4321451273568362
Transform:
  m_CorrespondingSourceObject: {fileID: 0}
  m_PrefabInstance: {fileID: 100100000}
  m_PrefabAsset: {fileID: 0}
  m_GameObject: {fileID: 1665197193168220}
  m_LocalRotation: {x: 0.01428263, y: 9.100837E-09, z: -3.527553E-09, w: 0.999898}
  m_LocalPosition: {x: 1.887379E-17, y: 0.003963077, z: -2.328305E-11}
  m_LocalScale: {x: 1, y: 0.9999999, z: 1}
  m_Children:
  - {fileID: 4408892292703773}
  m_Father: {fileID: 4416442491115671}
  m_RootOrder: 0
  m_LocalEulerAnglesHint: {x: 1.636724, y: -1.048546E-06, z: 3.892915E-07}
--- !u!1 &1042349749347223
GameObject:
  m_CorrespondingSourceObject: {fileID: 0}
  m_PrefabInstance: {fileID: 100100000}
  m_PrefabAsset: {fileID: 0}
  serializedVersion: 5
  m_Component:
  - component: {fileID: 4408892292703773}
  m_Layer: 9
  m_Name: Spine2
  m_TagString: Untagged
  m_Icon: {fileID: 0}
  m_NavMeshLayer: 0
  m_StaticEditorFlags: 0
  m_IsActive: 1
--- !u!4 &4408892292703773
Transform:
  m_CorrespondingSourceObject: {fileID: 0}
  m_PrefabInstance: {fileID: 100100000}
  m_PrefabAsset: {fileID: 0}
  m_GameObject: {fileID: 1042349749347223}
  m_LocalRotation: {x: 0.09335397, y: 5.340211E-08, z: -1.719989E-08, w: 0.995633}
  m_LocalPosition: {x: -8.881784E-17, y: 0.004169881, z: -1.862648E-11}
  m_LocalScale: {x: 1, y: 0.9999999, z: 0.9999999}
  m_Children:
  - {fileID: 4735707591365884}
  m_Father: {fileID: 4321451273568362}
  m_RootOrder: 0
  m_LocalEulerAnglesHint: {x: 10.71318, y: -6.276704E-06, z: 1.391082E-06}
--- !u!1 &1449818393690482
GameObject:
  m_CorrespondingSourceObject: {fileID: 0}
  m_PrefabInstance: {fileID: 100100000}
  m_PrefabAsset: {fileID: 0}
  serializedVersion: 5
  m_Component:
  - component: {fileID: 4735707591365884}
  m_Layer: 9
  m_Name: Spine3
  m_TagString: Untagged
  m_Icon: {fileID: 0}
  m_NavMeshLayer: 0
  m_StaticEditorFlags: 0
  m_IsActive: 1
--- !u!4 &4735707591365884
Transform:
  m_CorrespondingSourceObject: {fileID: 0}
  m_PrefabInstance: {fileID: 100100000}
  m_PrefabAsset: {fileID: 0}
  m_GameObject: {fileID: 1449818393690482}
  m_LocalRotation: {x: 0.07272074, y: -8.29118E-08, z: -1.554327E-08, w: 0.9973524}
  m_LocalPosition: {x: 1.421085E-16, y: 0.005666103, z: 8.940699E-10}
  m_LocalScale: {x: 1, y: 1, z: 1}
  m_Children:
  - {fileID: 4091769022843429}
  - {fileID: 4073958795898362}
  - {fileID: 4978814255317500}
  m_Father: {fileID: 4408892292703773}
  m_RootOrder: 0
  m_LocalEulerAnglesHint: {x: 8.340544, y: 9.346311E-06, z: 2.467331E-06}
--- !u!1 &1948568818255511
GameObject:
  m_CorrespondingSourceObject: {fileID: 0}
  m_PrefabInstance: {fileID: 100100000}
  m_PrefabAsset: {fileID: 0}
  serializedVersion: 5
  m_Component:
  - component: {fileID: 4091769022843429}
  m_Layer: 9
  m_Name: Clavicle.l
  m_TagString: Untagged
  m_Icon: {fileID: 0}
  m_NavMeshLayer: 0
  m_StaticEditorFlags: 0
  m_IsActive: 1
--- !u!4 &4091769022843429
Transform:
  m_CorrespondingSourceObject: {fileID: 0}
  m_PrefabInstance: {fileID: 100100000}
  m_PrefabAsset: {fileID: 0}
  m_GameObject: {fileID: 1948568818255511}
  m_LocalRotation: {x: 0.6588297, y: 0.4663773, z: 0.3458292, w: -0.47837}
  m_LocalPosition: {x: 7.105427E-17, y: 0.005706059, z: 4.041212E-16}
  m_LocalScale: {x: 1, y: 1, z: 1}
  m_Children:
  - {fileID: 4933598218995689}
  m_Father: {fileID: 4735707591365884}
  m_RootOrder: 0
  m_LocalEulerAnglesHint: {x: -134.5661, y: 64.4072, z: -41.04544}
--- !u!1 &1874457951265354
GameObject:
  m_CorrespondingSourceObject: {fileID: 0}
  m_PrefabInstance: {fileID: 100100000}
  m_PrefabAsset: {fileID: 0}
  serializedVersion: 5
  m_Component:
  - component: {fileID: 4933598218995689}
  m_Layer: 9
  m_Name: Upperarm.l
  m_TagString: Untagged
  m_Icon: {fileID: 0}
  m_NavMeshLayer: 0
  m_StaticEditorFlags: 0
  m_IsActive: 1
--- !u!4 &4933598218995689
Transform:
  m_CorrespondingSourceObject: {fileID: 0}
  m_PrefabInstance: {fileID: 100100000}
  m_PrefabAsset: {fileID: 0}
  m_GameObject: {fileID: 1874457951265354}
  m_LocalRotation: {x: -0.1042895, y: -0.07259227, z: -0.1776809, w: 0.9758502}
  m_LocalPosition: {x: -7.45058E-11, y: 0.008077906, z: 1.491571E-09}
  m_LocalScale: {x: 0.9999998, y: 0.9999999, z: 0.9999995}
  m_Children:
  - {fileID: 4069602176460385}
  m_Father: {fileID: 4091769022843429}
  m_RootOrder: 0
  m_LocalEulerAnglesHint: {x: -10.40788, y: 10.29631, z: 19.69826}
--- !u!1 &1742832188730398
GameObject:
  m_CorrespondingSourceObject: {fileID: 0}
  m_PrefabInstance: {fileID: 100100000}
  m_PrefabAsset: {fileID: 0}
  serializedVersion: 5
  m_Component:
  - component: {fileID: 4069602176460385}
  m_Layer: 9
  m_Name: Lowerarm.l
  m_TagString: Untagged
  m_Icon: {fileID: 0}
  m_NavMeshLayer: 0
  m_StaticEditorFlags: 0
  m_IsActive: 1
--- !u!4 &4069602176460385
Transform:
  m_CorrespondingSourceObject: {fileID: 0}
  m_PrefabInstance: {fileID: 100100000}
  m_PrefabAsset: {fileID: 0}
  m_GameObject: {fileID: 1742832188730398}
  m_LocalRotation: {x: 0.08403345, y: 0.07751484, z: 0.04589789, w: 0.9923826}
  m_LocalPosition: {x: 4.284084E-10, y: 0.01303057, z: -2.379529E-09}
  m_LocalScale: {x: 0.9999999, y: 1, z: 1}
  m_Children:
  - {fileID: 4854074231789683}
  m_Father: {fileID: 4933598218995689}
  m_RootOrder: 0
  m_LocalEulerAnglesHint: {x: 10.1246, y: -8.403001, z: -6.04181}
--- !u!1 &1278135098721813
GameObject:
  m_CorrespondingSourceObject: {fileID: 0}
  m_PrefabInstance: {fileID: 100100000}
  m_PrefabAsset: {fileID: 0}
  serializedVersion: 5
  m_Component:
  - component: {fileID: 4854074231789683}
  m_Layer: 9
  m_Name: Hand.l
  m_TagString: Untagged
  m_Icon: {fileID: 0}
  m_NavMeshLayer: 0
  m_StaticEditorFlags: 0
  m_IsActive: 1
--- !u!4 &4854074231789683
Transform:
  m_CorrespondingSourceObject: {fileID: 0}
  m_PrefabInstance: {fileID: 100100000}
  m_PrefabAsset: {fileID: 0}
  m_GameObject: {fileID: 1278135098721813}
  m_LocalRotation: {x: 0.01408755, y: 0.01542063, z: -0.07699349, w: 0.9968128}
  m_LocalPosition: {x: 2.607703E-10, y: 0.0103635, z: 6.680493E-09}
  m_LocalScale: {x: 0.9999999, y: 0.9999998, z: 1}
  m_Children:
  - {fileID: 4155802149113534}
  - {fileID: 4944247731670535}
  - {fileID: 4663121797864092}
  - {fileID: 4649735501067550}
  - {fileID: 4018808157517741}
  - {fileID: 4911895269628964}
  m_Father: {fileID: 4069602176460385}
  m_RootOrder: 0
  m_LocalEulerAnglesHint: {x: 1.474077, y: -1.886074, z: 8.80921}
--- !u!1 &1344189571158065
GameObject:
  m_CorrespondingSourceObject: {fileID: 0}
  m_PrefabInstance: {fileID: 100100000}
  m_PrefabAsset: {fileID: 0}
  serializedVersion: 5
  m_Component:
  - component: {fileID: 4155802149113534}
  m_Layer: 9
  m_Name: Index1.l
  m_TagString: Untagged
  m_Icon: {fileID: 0}
  m_NavMeshLayer: 0
  m_StaticEditorFlags: 0
  m_IsActive: 1
--- !u!4 &4155802149113534
Transform:
  m_CorrespondingSourceObject: {fileID: 0}
  m_PrefabInstance: {fileID: 100100000}
  m_PrefabAsset: {fileID: 0}
  m_GameObject: {fileID: 1344189571158065}
  m_LocalRotation: {x: 4.568663E-08, y: -6.881695E-08, z: 0.1877289, w: 0.9822209}
  m_LocalPosition: {x: -0.001793099, y: 0.005595283, z: 1.656894E-09}
  m_LocalScale: {x: 1, y: 1, z: 1}
  m_Children:
  - {fileID: 4199212622393215}
  m_Father: {fileID: 4854074231789683}
  m_RootOrder: 0
  m_LocalEulerAnglesHint: {x: 3.661823E-06, y: 8.728456E-06, z: -21.64054}
--- !u!1 &1459752298294978
GameObject:
  m_CorrespondingSourceObject: {fileID: 0}
  m_PrefabInstance: {fileID: 100100000}
  m_PrefabAsset: {fileID: 0}
  serializedVersion: 5
  m_Component:
  - component: {fileID: 4199212622393215}
  m_Layer: 9
  m_Name: Index2.l
  m_TagString: Untagged
  m_Icon: {fileID: 0}
  m_NavMeshLayer: 0
  m_StaticEditorFlags: 0
  m_IsActive: 1
--- !u!4 &4199212622393215
Transform:
  m_CorrespondingSourceObject: {fileID: 0}
  m_PrefabInstance: {fileID: 100100000}
  m_PrefabAsset: {fileID: 0}
  m_GameObject: {fileID: 1459752298294978}
  m_LocalRotation: {x: -3.720511E-10, y: 2.404563E-10, z: -0.001227521, w: 0.9999993}
  m_LocalPosition: {x: -7.686594E-10, y: 0.002103386, z: 7.925583E-09}
  m_LocalScale: {x: 0.9999999, y: 1, z: 1}
  m_Children:
  - {fileID: 4752115269123308}
  m_Father: {fileID: 4155802149113534}
  m_RootOrder: 0
  m_LocalEulerAnglesHint: {x: -4.266771E-08, y: -2.750191E-08, z: 0.1406636}
--- !u!1 &1355065323163638
GameObject:
  m_CorrespondingSourceObject: {fileID: 0}
  m_PrefabInstance: {fileID: 100100000}
  m_PrefabAsset: {fileID: 0}
  serializedVersion: 5
  m_Component:
  - component: {fileID: 4752115269123308}
  m_Layer: 9
  m_Name: Index3.l
  m_TagString: Untagged
  m_Icon: {fileID: 0}
  m_NavMeshLayer: 0
  m_StaticEditorFlags: 0
  m_IsActive: 1
--- !u!4 &4752115269123308
Transform:
  m_CorrespondingSourceObject: {fileID: 0}
  m_PrefabInstance: {fileID: 100100000}
  m_PrefabAsset: {fileID: 0}
  m_GameObject: {fileID: 1355065323163638}
  m_LocalRotation: {x: 1.136005E-09, y: -7.274467E-10, z: 0.00374214, w: 0.999993}
  m_LocalPosition: {x: 5.731806E-10, y: 0.001308707, z: 3.402371E-09}
  m_LocalScale: {x: 1, y: 1, z: 1}
  m_Children: []
  m_Father: {fileID: 4199212622393215}
  m_RootOrder: 0
  m_LocalEulerAnglesHint: {x: 1.298637E-07, y: 8.38458E-08, z: -0.4288186}
--- !u!1 &1112018529554282
GameObject:
  m_CorrespondingSourceObject: {fileID: 0}
  m_PrefabInstance: {fileID: 100100000}
  m_PrefabAsset: {fileID: 0}
  serializedVersion: 5
  m_Component:
  - component: {fileID: 4944247731670535}
  m_Layer: 9
  m_Name: Little1.l
  m_TagString: Untagged
  m_Icon: {fileID: 0}
  m_NavMeshLayer: 0
  m_StaticEditorFlags: 0
  m_IsActive: 1
--- !u!4 &4944247731670535
Transform:
  m_CorrespondingSourceObject: {fileID: 0}
  m_PrefabInstance: {fileID: 100100000}
  m_PrefabAsset: {fileID: 0}
  m_GameObject: {fileID: 1112018529554282}
  m_LocalRotation: {x: -1.66169E-08, y: -2.045101E-08, z: -0.1000259, w: 0.9949849}
  m_LocalPosition: {x: 0.001353993, y: 0.00572734, z: 8.786128E-10}
  m_LocalScale: {x: 1, y: 1, z: 1}
  m_Children:
  - {fileID: 4488707063220560}
  m_Father: {fileID: 4854074231789683}
  m_RootOrder: 1
  m_LocalEulerAnglesHint: {x: -1.660194E-06, y: 2.522224E-06, z: 11.48133}
--- !u!1 &1005743357590159
GameObject:
  m_CorrespondingSourceObject: {fileID: 0}
  m_PrefabInstance: {fileID: 100100000}
  m_PrefabAsset: {fileID: 0}
  serializedVersion: 5
  m_Component:
  - component: {fileID: 4488707063220560}
  m_Layer: 9
  m_Name: Little2.l
  m_TagString: Untagged
  m_Icon: {fileID: 0}
  m_NavMeshLayer: 0
  m_StaticEditorFlags: 0
  m_IsActive: 1
--- !u!4 &4488707063220560
Transform:
  m_CorrespondingSourceObject: {fileID: 0}
  m_PrefabInstance: {fileID: 100100000}
  m_PrefabAsset: {fileID: 0}
  m_GameObject: {fileID: 1005743357590159}
  m_LocalRotation: {x: 3.070936E-09, y: -2.573075E-09, z: 0.01476632, w: 0.999891}
  m_LocalPosition: {x: -9.164182E-11, y: 0.001549277, z: 2.477607E-09}
  m_LocalScale: {x: 1, y: 1, z: 1}
  m_Children:
  - {fileID: 4661515726067153}
  m_Father: {fileID: 4944247731670535}
  m_RootOrder: 0
  m_LocalEulerAnglesHint: {x: 3.475111E-07, y: 3.000168E-07, z: -1.692157}
--- !u!1 &1238521554556593
GameObject:
  m_CorrespondingSourceObject: {fileID: 0}
  m_PrefabInstance: {fileID: 100100000}
  m_PrefabAsset: {fileID: 0}
  serializedVersion: 5
  m_Component:
  - component: {fileID: 4661515726067153}
  m_Layer: 9
  m_Name: Little3.l
  m_TagString: Untagged
  m_Icon: {fileID: 0}
  m_NavMeshLayer: 0
  m_StaticEditorFlags: 0
  m_IsActive: 1
--- !u!4 &4661515726067153
Transform:
  m_CorrespondingSourceObject: {fileID: 0}
  m_PrefabInstance: {fileID: 100100000}
  m_PrefabAsset: {fileID: 0}
  m_GameObject: {fileID: 1238521554556593}
  m_LocalRotation: {x: 1.180752E-08, y: -9.031403E-09, z: 0.05377156, w: 0.9985533}
  m_LocalPosition: {x: -1.137403E-10, y: 0.001523242, z: 2.480321E-09}
  m_LocalScale: {x: 0.9999999, y: 0.9999999, z: 1}
  m_Children: []
  m_Father: {fileID: 4488707063220560}
  m_RootOrder: 0
  m_LocalEulerAnglesHint: {x: 1.295435E-06, y: 1.106181E-06, z: -6.164741}
--- !u!1 &1424828907815219
GameObject:
  m_CorrespondingSourceObject: {fileID: 0}
  m_PrefabInstance: {fileID: 100100000}
  m_PrefabAsset: {fileID: 0}
  serializedVersion: 5
  m_Component:
  - component: {fileID: 4663121797864092}
  m_Layer: 9
  m_Name: Middle1.l
  m_TagString: Untagged
  m_Icon: {fileID: 0}
  m_NavMeshLayer: 0
  m_StaticEditorFlags: 0
  m_IsActive: 1
--- !u!4 &4663121797864092
Transform:
  m_CorrespondingSourceObject: {fileID: 0}
  m_PrefabInstance: {fileID: 100100000}
  m_PrefabAsset: {fileID: 0}
  m_GameObject: {fileID: 1424828907815219}
  m_LocalRotation: {x: 1.689044E-08, y: -5.4769E-08, z: 0.06873957, w: 0.9976346}
  m_LocalPosition: {x: -0.0007777603, y: 0.005636252, z: 1.405564E-09}
  m_LocalScale: {x: 1, y: 1, z: 1}
  m_Children:
  - {fileID: 4340125720799476}
  m_Father: {fileID: 4854074231789683}
  m_RootOrder: 2
  m_LocalEulerAnglesHint: {x: 1.499509E-06, y: 6.394265E-06, z: -7.883191}
--- !u!1 &1355418336804878
GameObject:
  m_CorrespondingSourceObject: {fileID: 0}
  m_PrefabInstance: {fileID: 100100000}
  m_PrefabAsset: {fileID: 0}
  serializedVersion: 5
  m_Component:
  - component: {fileID: 4340125720799476}
  m_Layer: 9
  m_Name: Middle2.l
  m_TagString: Untagged
  m_Icon: {fileID: 0}
  m_NavMeshLayer: 0
  m_StaticEditorFlags: 0
  m_IsActive: 1
--- !u!4 &4340125720799476
Transform:
  m_CorrespondingSourceObject: {fileID: 0}
  m_PrefabInstance: {fileID: 100100000}
  m_PrefabAsset: {fileID: 0}
  m_GameObject: {fileID: 1355418336804878}
  m_LocalRotation: {x: -1.614049E-09, y: 1.170143E-09, z: -0.005927804, w: 0.9999824}
  m_LocalPosition: {x: 1.528588E-10, y: 0.002146376, z: 5.414631E-09}
  m_LocalScale: {x: 1, y: 1, z: 1}
  m_Children:
  - {fileID: 4765522921626014}
  m_Father: {fileID: 4663121797864092}
  m_RootOrder: 0
  m_LocalEulerAnglesHint: {x: -1.857479E-07, y: -1.329898E-07, z: 0.6792803}
--- !u!1 &1848104159482059
GameObject:
  m_CorrespondingSourceObject: {fileID: 0}
  m_PrefabInstance: {fileID: 100100000}
  m_PrefabAsset: {fileID: 0}
  serializedVersion: 5
  m_Component:
  - component: {fileID: 4765522921626014}
  m_Layer: 9
  m_Name: Middle3.l
  m_TagString: Untagged
  m_Icon: {fileID: 0}
  m_NavMeshLayer: 0
  m_StaticEditorFlags: 0
  m_IsActive: 1
--- !u!4 &4765522921626014
Transform:
  m_CorrespondingSourceObject: {fileID: 0}
  m_PrefabInstance: {fileID: 100100000}
  m_PrefabAsset: {fileID: 0}
  m_GameObject: {fileID: 1848104159482059}
  m_LocalRotation: {x: 4.342155E-09, y: -3.027874E-09, z: 0.0158391, w: 0.9998746}
  m_LocalPosition: {x: 2.316767E-10, y: 0.00178988, z: 5.809494E-09}
  m_LocalScale: {x: 1, y: 0.9999999, z: 1}
  m_Children: []
  m_Father: {fileID: 4340125720799476}
  m_RootOrder: 0
  m_LocalEulerAnglesHint: {x: 4.920162E-07, y: 3.548064E-07, z: -1.815103}
--- !u!1 &1562637902455701
GameObject:
  m_CorrespondingSourceObject: {fileID: 0}
  m_PrefabInstance: {fileID: 100100000}
  m_PrefabAsset: {fileID: 0}
  serializedVersion: 5
  m_Component:
  - component: {fileID: 4649735501067550}
  m_Layer: 9
  m_Name: Ring2.l
  m_TagString: Untagged
  m_Icon: {fileID: 0}
  m_NavMeshLayer: 0
  m_StaticEditorFlags: 0
  m_IsActive: 1
--- !u!4 &4649735501067550
Transform:
  m_CorrespondingSourceObject: {fileID: 0}
  m_PrefabInstance: {fileID: 100100000}
  m_PrefabAsset: {fileID: 0}
  m_GameObject: {fileID: 1562637902455701}
  m_LocalRotation: {x: 1.5523E-09, y: -4.230574E-08, z: -0.001504922, w: 0.9999989}
  m_LocalPosition: {x: 0.0002697627, y: 0.005743823, z: 1.155634E-09}
  m_LocalScale: {x: 1, y: 1, z: 1}
  m_Children:
  - {fileID: 4973779915130795}
  m_Father: {fileID: 4854074231789683}
  m_RootOrder: 3
  m_LocalEulerAnglesHint: {x: 1.851759E-07, y: 4.847608E-06, z: 0.1724515}
--- !u!1 &1652331989005444
GameObject:
  m_CorrespondingSourceObject: {fileID: 0}
  m_PrefabInstance: {fileID: 100100000}
  m_PrefabAsset: {fileID: 0}
  serializedVersion: 5
  m_Component:
  - component: {fileID: 4973779915130795}
  m_Layer: 9
  m_Name: Ring2.l.001
  m_TagString: Untagged
  m_Icon: {fileID: 0}
  m_NavMeshLayer: 0
  m_StaticEditorFlags: 0
  m_IsActive: 1
--- !u!4 &4973779915130795
Transform:
  m_CorrespondingSourceObject: {fileID: 0}
  m_PrefabInstance: {fileID: 100100000}
  m_PrefabAsset: {fileID: 0}
  m_GameObject: {fileID: 1652331989005444}
  m_LocalRotation: {x: -1.103557E-09, y: 8.547559E-10, z: -0.004455646, w: 0.9999901}
  m_LocalPosition: {x: -2.027843E-10, y: 0.002178819, z: 6.356721E-09}
  m_LocalScale: {x: 1, y: 0.9999999, z: 1}
  m_Children:
  - {fileID: 4872104976550587}
  m_Father: {fileID: 4649735501067550}
  m_RootOrder: 0
  m_LocalEulerAnglesHint: {x: -1.268935E-07, y: -9.738337E-08, z: 0.5105811}
--- !u!1 &1871091319984906
GameObject:
  m_CorrespondingSourceObject: {fileID: 0}
  m_PrefabInstance: {fileID: 100100000}
  m_PrefabAsset: {fileID: 0}
  serializedVersion: 5
  m_Component:
  - component: {fileID: 4872104976550587}
  m_Layer: 9
  m_Name: Ring3.l
  m_TagString: Untagged
  m_Icon: {fileID: 0}
  m_NavMeshLayer: 0
  m_StaticEditorFlags: 0
  m_IsActive: 1
--- !u!4 &4872104976550587
Transform:
  m_CorrespondingSourceObject: {fileID: 0}
  m_PrefabInstance: {fileID: 100100000}
  m_PrefabAsset: {fileID: 0}
  m_GameObject: {fileID: 1871091319984906}
  m_LocalRotation: {x: 1.316821E-09, y: -1.00405E-09, z: 0.005313516, w: 0.9999859}
  m_LocalPosition: {x: -2.733566E-10, y: 0.001492069, z: 6.643282E-09}
  m_LocalScale: {x: 1, y: 1, z: 1}
  m_Children: []
  m_Father: {fileID: 4973779915130795}
  m_RootOrder: 0
  m_LocalEulerAnglesHint: {x: 1.502831E-07, y: 1.158558E-07, z: -0.608887}
--- !u!1 &1390368889516106
GameObject:
  m_CorrespondingSourceObject: {fileID: 0}
  m_PrefabInstance: {fileID: 100100000}
  m_PrefabAsset: {fileID: 0}
  serializedVersion: 5
  m_Component:
  - component: {fileID: 4018808157517741}
  m_Layer: 9
  m_Name: Thunmb1.l
  m_TagString: Untagged
  m_Icon: {fileID: 0}
  m_NavMeshLayer: 0
  m_StaticEditorFlags: 0
  m_IsActive: 1
--- !u!4 &4018808157517741
Transform:
  m_CorrespondingSourceObject: {fileID: 0}
  m_PrefabInstance: {fileID: 100100000}
  m_PrefabAsset: {fileID: 0}
  m_GameObject: {fileID: 1390368889516106}
  m_LocalRotation: {x: 1.274521E-07, y: -3.874136E-08, z: 0.5974248, w: 0.8019249}
  m_LocalPosition: {x: -0.001827581, y: 0.002458594, z: 1.215753E-09}
  m_LocalScale: {x: 1, y: 1, z: 1}
  m_Children:
  - {fileID: 4168701389721060}
  m_Father: {fileID: 4854074231789683}
  m_RootOrder: 4
  m_LocalEulerAnglesHint: {x: 9.059836E-06, y: 1.228544E-05, z: -73.37137}
--- !u!1 &1749176132003236
GameObject:
  m_CorrespondingSourceObject: {fileID: 0}
  m_PrefabInstance: {fileID: 100100000}
  m_PrefabAsset: {fileID: 0}
  serializedVersion: 5
  m_Component:
  - component: {fileID: 4168701389721060}
  m_Layer: 9
  m_Name: Thumb2.l
  m_TagString: Untagged
  m_Icon: {fileID: 0}
  m_NavMeshLayer: 0
  m_StaticEditorFlags: 0
  m_IsActive: 1
--- !u!4 &4168701389721060
Transform:
  m_CorrespondingSourceObject: {fileID: 0}
  m_PrefabInstance: {fileID: 100100000}
  m_PrefabAsset: {fileID: 0}
  m_GameObject: {fileID: 1749176132003236}
  m_LocalRotation: {x: -4.027171E-08, y: 2.463463E-08, z: -0.1730284, w: 0.9849169}
  m_LocalPosition: {x: 8.542429E-11, y: 0.001093078, z: 2.157653E-09}
  m_LocalScale: {x: 1, y: 1, z: 1}
  m_Children:
  - {fileID: 4544807825223216}
  m_Father: {fileID: 4018808157517741}
  m_RootOrder: 0
  m_LocalEulerAnglesHint: {x: -5.033638E-06, y: -1.981851E-06, z: 19.92788}
--- !u!1 &1697328474411707
GameObject:
  m_CorrespondingSourceObject: {fileID: 0}
  m_PrefabInstance: {fileID: 100100000}
  m_PrefabAsset: {fileID: 0}
  serializedVersion: 5
  m_Component:
  - component: {fileID: 4544807825223216}
  m_Layer: 9
  m_Name: Thumb3.l
  m_TagString: Untagged
  m_Icon: {fileID: 0}
  m_NavMeshLayer: 0
  m_StaticEditorFlags: 0
  m_IsActive: 1
--- !u!4 &4544807825223216
Transform:
  m_CorrespondingSourceObject: {fileID: 0}
  m_PrefabInstance: {fileID: 100100000}
  m_PrefabAsset: {fileID: 0}
  m_GameObject: {fileID: 1697328474411707}
  m_LocalRotation: {x: -4.703272E-09, y: 3.633559E-09, z: -0.02304392, w: 0.9997345}
  m_LocalPosition: {x: 9.259989E-10, y: 0.001886878, z: 5.421597E-09}
  m_LocalScale: {x: 1, y: 1, z: 1}
  m_Children: []
  m_Father: {fileID: 4168701389721060}
  m_RootOrder: 0
  m_LocalEulerAnglesHint: {x: -5.484071E-07, y: -4.038449E-07, z: 2.640873}
--- !u!1 &1964432608164415
GameObject:
  m_CorrespondingSourceObject: {fileID: 0}
  m_PrefabInstance: {fileID: 100100000}
  m_PrefabAsset: {fileID: 0}
  serializedVersion: 5
  m_Component:
  - component: {fileID: 4911895269628964}
  m_Layer: 9
  m_Name: Weapon.l
  m_TagString: Untagged
  m_Icon: {fileID: 0}
  m_NavMeshLayer: 0
  m_StaticEditorFlags: 0
  m_IsActive: 1
--- !u!4 &4911895269628964
Transform:
  m_CorrespondingSourceObject: {fileID: 0}
  m_PrefabInstance: {fileID: 100100000}
  m_PrefabAsset: {fileID: 0}
  m_GameObject: {fileID: 1964432608164415}
  m_LocalRotation: {x: 0.4792112, y: 0.5227303, z: -0.5197076, w: -0.4764596}
  m_LocalPosition: {x: -0.0002291978, y: 0.004125132, z: -0.0009946192}
  m_LocalScale: {x: 1, y: 1, z: 1}
  m_Children: []
  m_Father: {fileID: 4854074231789683}
  m_RootOrder: 5
  m_LocalEulerAnglesHint: {x: -90.33121, y: 0.001165887, z: -94.97298}
--- !u!1 &1030110091846515
GameObject:
  m_CorrespondingSourceObject: {fileID: 0}
  m_PrefabInstance: {fileID: 100100000}
  m_PrefabAsset: {fileID: 0}
  serializedVersion: 5
  m_Component:
  - component: {fileID: 4073958795898362}
  m_Layer: 9
  m_Name: Clavicle.r
  m_TagString: Untagged
  m_Icon: {fileID: 0}
  m_NavMeshLayer: 0
  m_StaticEditorFlags: 0
  m_IsActive: 1
--- !u!4 &4073958795898362
Transform:
  m_CorrespondingSourceObject: {fileID: 0}
  m_PrefabInstance: {fileID: 100100000}
  m_PrefabAsset: {fileID: 0}
  m_GameObject: {fileID: 1030110091846515}
  m_LocalRotation: {x: 0.6588296, y: -0.4663775, z: -0.3458294, w: -0.4783699}
  m_LocalPosition: {x: 7.105427E-17, y: 0.005706059, z: 4.041212E-16}
  m_LocalScale: {x: 1, y: 1, z: 1}
  m_Children:
  - {fileID: 4074721889998049}
  m_Father: {fileID: 4735707591365884}
  m_RootOrder: 1
  m_LocalEulerAnglesHint: {x: -134.5661, y: -64.40723, z: 41.04548}
--- !u!1 &1227180281454654
GameObject:
  m_CorrespondingSourceObject: {fileID: 0}
  m_PrefabInstance: {fileID: 100100000}
  m_PrefabAsset: {fileID: 0}
  serializedVersion: 5
  m_Component:
  - component: {fileID: 4074721889998049}
  m_Layer: 9
  m_Name: Upperarm.r
  m_TagString: Untagged
  m_Icon: {fileID: 0}
  m_NavMeshLayer: 0
  m_StaticEditorFlags: 0
  m_IsActive: 1
--- !u!4 &4074721889998049
Transform:
  m_CorrespondingSourceObject: {fileID: 0}
  m_PrefabInstance: {fileID: 100100000}
  m_PrefabAsset: {fileID: 0}
  m_GameObject: {fileID: 1227180281454654}
  m_LocalRotation: {x: -0.1042908, y: 0.07259212, z: 0.1776815, w: 0.9758499}
  m_LocalPosition: {x: 5.029142E-10, y: 0.00807791, z: -3.366149E-09}
  m_LocalScale: {x: 1, y: 1.000001, z: 0.9999999}
  m_Children:
  - {fileID: 4350428715525855}
  m_Father: {fileID: 4073958795898362}
  m_RootOrder: 0
  m_LocalEulerAnglesHint: {x: -10.40803, y: -10.29632, z: -19.69831}
--- !u!1 &1520289910569070
GameObject:
  m_CorrespondingSourceObject: {fileID: 0}
  m_PrefabInstance: {fileID: 100100000}
  m_PrefabAsset: {fileID: 0}
  serializedVersion: 5
  m_Component:
  - component: {fileID: 4350428715525855}
  m_Layer: 9
  m_Name: Lowerarm.r
  m_TagString: Untagged
  m_Icon: {fileID: 0}
  m_NavMeshLayer: 0
  m_StaticEditorFlags: 0
  m_IsActive: 1
--- !u!4 &4350428715525855
Transform:
  m_CorrespondingSourceObject: {fileID: 0}
  m_PrefabInstance: {fileID: 100100000}
  m_PrefabAsset: {fileID: 0}
  m_GameObject: {fileID: 1520289910569070}
  m_LocalRotation: {x: 0.08403614, y: -0.0775148, z: -0.04589936, w: 0.9923823}
  m_LocalPosition: {x: -4.470348E-10, y: 0.01303057, z: -4.195608E-09}
  m_LocalScale: {x: 0.9999998, y: 0.9999999, z: 1}
  m_Children:
  - {fileID: 4038842586531783}
  m_Father: {fileID: 4074721889998049}
  m_RootOrder: 0
  m_LocalEulerAnglesHint: {x: 10.12492, y: 8.402965, z: 6.042001}
--- !u!1 &1395040326888217
GameObject:
  m_CorrespondingSourceObject: {fileID: 0}
  m_PrefabInstance: {fileID: 100100000}
  m_PrefabAsset: {fileID: 0}
  serializedVersion: 5
  m_Component:
  - component: {fileID: 4038842586531783}
  m_Layer: 9
  m_Name: Hand.r
  m_TagString: Untagged
  m_Icon: {fileID: 0}
  m_NavMeshLayer: 0
  m_StaticEditorFlags: 0
  m_IsActive: 1
--- !u!4 &4038842586531783
Transform:
  m_CorrespondingSourceObject: {fileID: 0}
  m_PrefabInstance: {fileID: 100100000}
  m_PrefabAsset: {fileID: 0}
  m_GameObject: {fileID: 1395040326888217}
  m_LocalRotation: {x: 0.01408765, y: -0.01542049, z: 0.07698622, w: 0.9968134}
  m_LocalPosition: {x: -3.72529E-11, y: 0.0103635, z: -3.610621E-09}
  m_LocalScale: {x: 0.9999999, y: 1, z: 1}
  m_Children:
  - {fileID: 4984307408891047}
  - {fileID: 4506323184658571}
  - {fileID: 4355545021223084}
  - {fileID: 4394704755485517}
  - {fileID: 4777312074778141}
  - {fileID: 4415470127902205}
  m_Father: {fileID: 4350428715525855}
  m_RootOrder: 0
  m_LocalEulerAnglesHint: {x: 1.474103, y: 1.886048, z: -8.808374}
--- !u!1 &1863629556738147
GameObject:
  m_CorrespondingSourceObject: {fileID: 0}
  m_PrefabInstance: {fileID: 100100000}
  m_PrefabAsset: {fileID: 0}
  serializedVersion: 5
  m_Component:
  - component: {fileID: 4984307408891047}
  m_Layer: 9
  m_Name: Index1.r
  m_TagString: Untagged
  m_Icon: {fileID: 0}
  m_NavMeshLayer: 0
  m_StaticEditorFlags: 0
  m_IsActive: 1
--- !u!4 &4984307408891047
Transform:
  m_CorrespondingSourceObject: {fileID: 0}
  m_PrefabInstance: {fileID: 100100000}
  m_PrefabAsset: {fileID: 0}
  m_GameObject: {fileID: 1863629556738147}
  m_LocalRotation: {x: 4.216791E-08, y: 1.206972E-08, z: -0.1877218, w: 0.9822223}
  m_LocalPosition: {x: 0.001793017, y: 0.00559531, z: -1.303078E-09}
  m_LocalScale: {x: 1, y: 1, z: 1}
  m_Children:
  - {fileID: 4851893733600848}
  m_Father: {fileID: 4038842586531783}
  m_RootOrder: 0
  m_LocalEulerAnglesHint: {x: 4.486547E-06, y: -2.265587E-06, z: 21.63972}
--- !u!1 &1860869965381810
GameObject:
  m_CorrespondingSourceObject: {fileID: 0}
  m_PrefabInstance: {fileID: 100100000}
  m_PrefabAsset: {fileID: 0}
  serializedVersion: 5
  m_Component:
  - component: {fileID: 4851893733600848}
  m_Layer: 9
  m_Name: Index2.r
  m_TagString: Untagged
  m_Icon: {fileID: 0}
  m_NavMeshLayer: 0
  m_StaticEditorFlags: 0
  m_IsActive: 1
--- !u!4 &4851893733600848
Transform:
  m_CorrespondingSourceObject: {fileID: 0}
  m_PrefabInstance: {fileID: 100100000}
  m_PrefabAsset: {fileID: 0}
  m_GameObject: {fileID: 1860869965381810}
  m_LocalRotation: {x: -2.907881E-10, y: -6.97114E-11, z: 0.00122744, w: 0.9999993}
  m_LocalPosition: {x: 2.204781E-09, y: 0.002103384, z: 1.814103E-10}
  m_LocalScale: {x: 0.9999999, y: 1, z: 1}
  m_Children:
  - {fileID: 4883027006833058}
  m_Father: {fileID: 4984307408891047}
  m_RootOrder: 0
  m_LocalEulerAnglesHint: {x: -3.333164E-08, y: 7.947431E-09, z: -0.1406542}
--- !u!1 &1655316621275097
GameObject:
  m_CorrespondingSourceObject: {fileID: 0}
  m_PrefabInstance: {fileID: 100100000}
  m_PrefabAsset: {fileID: 0}
  serializedVersion: 5
  m_Component:
  - component: {fileID: 4883027006833058}
  m_Layer: 9
  m_Name: Index3.r
  m_TagString: Untagged
  m_Icon: {fileID: 0}
  m_NavMeshLayer: 0
  m_StaticEditorFlags: 0
  m_IsActive: 1
--- !u!4 &4883027006833058
Transform:
  m_CorrespondingSourceObject: {fileID: 0}
  m_PrefabInstance: {fileID: 100100000}
  m_PrefabAsset: {fileID: 0}
  m_GameObject: {fileID: 1655316621275097}
  m_LocalRotation: {x: 8.866344E-10, y: 2.088637E-10, z: -0.003741902, w: 0.999993}
  m_LocalPosition: {x: 1.13374E-09, y: 0.001308704, z: 1.905216E-09}
  m_LocalScale: {x: 0.9999999, y: 0.9999999, z: 0.9999999}
  m_Children: []
  m_Father: {fileID: 4851893733600848}
  m_RootOrder: 0
  m_LocalEulerAnglesHint: {x: 1.015106E-07, y: -2.431404E-08, z: 0.4287914}
--- !u!1 &1842745152694637
GameObject:
  m_CorrespondingSourceObject: {fileID: 0}
  m_PrefabInstance: {fileID: 100100000}
  m_PrefabAsset: {fileID: 0}
  serializedVersion: 5
  m_Component:
  - component: {fileID: 4506323184658571}
  m_Layer: 9
  m_Name: Little1.r
  m_TagString: Untagged
  m_Icon: {fileID: 0}
  m_NavMeshLayer: 0
  m_StaticEditorFlags: 0
  m_IsActive: 1
--- !u!4 &4506323184658571
Transform:
  m_CorrespondingSourceObject: {fileID: 0}
  m_PrefabInstance: {fileID: 100100000}
  m_PrefabAsset: {fileID: 0}
  m_GameObject: {fileID: 1842745152694637}
  m_LocalRotation: {x: -2.080468E-08, y: -4.3416E-09, z: 0.1000331, w: 0.9949841}
  m_LocalPosition: {x: -0.001354076, y: 0.005727323, z: -1.267089E-09}
  m_LocalScale: {x: 1, y: 1, z: 1}
  m_Children:
  - {fileID: 4159074161794130}
  m_Father: {fileID: 4038842586531783}
  m_RootOrder: 1
  m_LocalEulerAnglesHint: {x: -2.42185E-06, y: 2.565323E-07, z: -11.48215}
--- !u!1 &1309892144843543
GameObject:
  m_CorrespondingSourceObject: {fileID: 0}
  m_PrefabInstance: {fileID: 100100000}
  m_PrefabAsset: {fileID: 0}
  serializedVersion: 5
  m_Component:
  - component: {fileID: 4159074161794130}
  m_Layer: 9
  m_Name: Little2.r
  m_TagString: Untagged
  m_Icon: {fileID: 0}
  m_NavMeshLayer: 0
  m_StaticEditorFlags: 0
  m_IsActive: 1
--- !u!4 &4159074161794130
Transform:
  m_CorrespondingSourceObject: {fileID: 0}
  m_PrefabInstance: {fileID: 100100000}
  m_PrefabAsset: {fileID: 0}
  m_GameObject: {fileID: 1309892144843543}
  m_LocalRotation: {x: 3.026998E-09, y: 1.386336E-09, z: -0.01476633, w: 0.999891}
  m_LocalPosition: {x: -1.129147E-09, y: 0.001549275, z: -3.347465E-09}
  m_LocalScale: {x: 1, y: 1, z: 1}
  m_Children:
  - {fileID: 4428422669496664}
  m_Father: {fileID: 4506323184658571}
  m_RootOrder: 0
  m_LocalEulerAnglesHint: {x: 3.444848E-07, y: -1.639671E-07, z: 1.692158}
--- !u!1 &1020626745208351
GameObject:
  m_CorrespondingSourceObject: {fileID: 0}
  m_PrefabInstance: {fileID: 100100000}
  m_PrefabAsset: {fileID: 0}
  serializedVersion: 5
  m_Component:
  - component: {fileID: 4428422669496664}
  m_Layer: 9
  m_Name: Little3.r
  m_TagString: Untagged
  m_Icon: {fileID: 0}
  m_NavMeshLayer: 0
  m_StaticEditorFlags: 0
  m_IsActive: 1
--- !u!4 &4428422669496664
Transform:
  m_CorrespondingSourceObject: {fileID: 0}
  m_PrefabInstance: {fileID: 100100000}
  m_PrefabAsset: {fileID: 0}
  m_GameObject: {fileID: 1020626745208351}
  m_LocalRotation: {x: 1.134151E-08, y: 4.526381E-09, z: -0.05377158, w: 0.9985533}
  m_LocalPosition: {x: -4.626145E-11, y: 0.00152324, z: -2.285582E-09}
  m_LocalScale: {x: 0.9999999, y: 0.9999999, z: 0.9999999}
  m_Children: []
  m_Father: {fileID: 4159074161794130}
  m_RootOrder: 0
  m_LocalEulerAnglesHint: {x: 1.269871E-06, y: -5.878184E-07, z: 6.164742}
--- !u!1 &1280238949650975
GameObject:
  m_CorrespondingSourceObject: {fileID: 0}
  m_PrefabInstance: {fileID: 100100000}
  m_PrefabAsset: {fileID: 0}
  serializedVersion: 5
  m_Component:
  - component: {fileID: 4355545021223084}
  m_Layer: 9
  m_Name: Middle1.r
  m_TagString: Untagged
  m_Icon: {fileID: 0}
  m_NavMeshLayer: 0
  m_StaticEditorFlags: 0
  m_IsActive: 1
--- !u!4 &4355545021223084
Transform:
  m_CorrespondingSourceObject: {fileID: 0}
  m_PrefabInstance: {fileID: 100100000}
  m_PrefabAsset: {fileID: 0}
  m_GameObject: {fileID: 1280238949650975}
  m_LocalRotation: {x: 1.528359E-08, y: 9.996228E-09, z: -0.0687323, w: 0.9976351}
  m_LocalPosition: {x: 0.0007776777, y: 0.005636262, z: -1.287556E-09}
  m_LocalScale: {x: 1, y: 0.9999999, z: 1}
  m_Children:
  - {fileID: 4386539776968234}
  m_Father: {fileID: 4038842586531783}
  m_RootOrder: 2
  m_LocalEulerAnglesHint: {x: 1.668497E-06, y: -1.26315E-06, z: 7.882356}
--- !u!1 &1737779836935229
GameObject:
  m_CorrespondingSourceObject: {fileID: 0}
  m_PrefabInstance: {fileID: 100100000}
  m_PrefabAsset: {fileID: 0}
  serializedVersion: 5
  m_Component:
  - component: {fileID: 4386539776968234}
  m_Layer: 9
  m_Name: Middle2.r
  m_TagString: Untagged
  m_Icon: {fileID: 0}
  m_NavMeshLayer: 0
  m_StaticEditorFlags: 0
  m_IsActive: 1
--- !u!4 &4386539776968234
Transform:
  m_CorrespondingSourceObject: {fileID: 0}
  m_PrefabInstance: {fileID: 100100000}
  m_PrefabAsset: {fileID: 0}
  m_GameObject: {fileID: 1737779836935229}
  m_LocalRotation: {x: -1.37464E-09, y: -4.61399E-10, z: 0.005927864, w: 0.9999824}
  m_LocalPosition: {x: -1.23644E-10, y: 0.002146371, z: -2.785856E-09}
  m_LocalScale: {x: 1, y: 1, z: 1}
  m_Children:
  - {fileID: 4988531025790775}
  m_Father: {fileID: 4355545021223084}
  m_RootOrder: 0
  m_LocalEulerAnglesHint: {x: -1.578328E-07, y: 5.193774E-08, z: -0.6792872}
--- !u!1 &1911239803862753
GameObject:
  m_CorrespondingSourceObject: {fileID: 0}
  m_PrefabInstance: {fileID: 100100000}
  m_PrefabAsset: {fileID: 0}
  serializedVersion: 5
  m_Component:
  - component: {fileID: 4988531025790775}
  m_Layer: 9
  m_Name: Middle3.r
  m_TagString: Untagged
  m_Icon: {fileID: 0}
  m_NavMeshLayer: 0
  m_StaticEditorFlags: 0
  m_IsActive: 1
--- !u!4 &4988531025790775
Transform:
  m_CorrespondingSourceObject: {fileID: 0}
  m_PrefabInstance: {fileID: 100100000}
  m_PrefabAsset: {fileID: 0}
  m_GameObject: {fileID: 1911239803862753}
  m_LocalRotation: {x: 3.684627E-09, y: 1.166619E-09, z: -0.01583913, w: 0.9998746}
  m_LocalPosition: {x: 8.726601E-11, y: 0.001789883, z: -2.230233E-09}
  m_LocalScale: {x: 1, y: 1, z: 1}
  m_Children: []
  m_Father: {fileID: 4386539776968234}
  m_RootOrder: 0
  m_LocalEulerAnglesHint: {x: 4.200567E-07, y: -1.403556E-07, z: 1.815106}
--- !u!1 &1017515512911629
GameObject:
  m_CorrespondingSourceObject: {fileID: 0}
  m_PrefabInstance: {fileID: 100100000}
  m_PrefabAsset: {fileID: 0}
  serializedVersion: 5
  m_Component:
  - component: {fileID: 4394704755485517}
  m_Layer: 9
  m_Name: Ring2.r
  m_TagString: Untagged
  m_Icon: {fileID: 0}
  m_NavMeshLayer: 0
  m_StaticEditorFlags: 0
  m_IsActive: 1
--- !u!4 &4394704755485517
Transform:
  m_CorrespondingSourceObject: {fileID: 0}
  m_PrefabInstance: {fileID: 100100000}
  m_PrefabAsset: {fileID: 0}
  m_GameObject: {fileID: 1017515512911629}
  m_LocalRotation: {x: -3.294225E-10, y: 5.572503E-09, z: 0.001512157, w: 0.9999989}
  m_LocalPosition: {x: -0.0002698464, y: 0.005743823, z: -1.427726E-09}
  m_LocalScale: {x: 1, y: 1, z: 1}
  m_Children:
  - {fileID: 4580285975227757}
  m_Father: {fileID: 4038842586531783}
  m_RootOrder: 3
  m_LocalEulerAnglesHint: {x: -3.678339E-08, y: -6.386182E-07, z: -0.1732805}
--- !u!1 &1798495398603115
GameObject:
  m_CorrespondingSourceObject: {fileID: 0}
  m_PrefabInstance: {fileID: 100100000}
  m_PrefabAsset: {fileID: 0}
  serializedVersion: 5
  m_Component:
  - component: {fileID: 4580285975227757}
  m_Layer: 9
  m_Name: Ring2.r.001
  m_TagString: Untagged
  m_Icon: {fileID: 0}
  m_NavMeshLayer: 0
  m_StaticEditorFlags: 0
  m_IsActive: 1
--- !u!4 &4580285975227757
Transform:
  m_CorrespondingSourceObject: {fileID: 0}
  m_PrefabInstance: {fileID: 100100000}
  m_PrefabAsset: {fileID: 0}
  m_GameObject: {fileID: 1798495398603115}
  m_LocalRotation: {x: -9.940437E-10, y: -3.884061E-10, z: 0.004455693, w: 0.9999901}
  m_LocalPosition: {x: 4.429387E-10, y: 0.00217882, z: -1.812336E-09}
  m_LocalScale: {x: 1, y: 1, z: 0.9999999}
  m_Children:
  - {fileID: 4155924287153548}
  m_Father: {fileID: 4394704755485517}
  m_RootOrder: 0
  m_LocalEulerAnglesHint: {x: -1.141062E-07, y: 4.400007E-08, z: -0.5105864}
--- !u!1 &1045752754428135
GameObject:
  m_CorrespondingSourceObject: {fileID: 0}
  m_PrefabInstance: {fileID: 100100000}
  m_PrefabAsset: {fileID: 0}
  serializedVersion: 5
  m_Component:
  - component: {fileID: 4155924287153548}
  m_Layer: 9
  m_Name: Ring3.r
  m_TagString: Untagged
  m_Icon: {fileID: 0}
  m_NavMeshLayer: 0
  m_StaticEditorFlags: 0
  m_IsActive: 1
--- !u!4 &4155924287153548
Transform:
  m_CorrespondingSourceObject: {fileID: 0}
  m_PrefabInstance: {fileID: 100100000}
  m_PrefabAsset: {fileID: 0}
  m_GameObject: {fileID: 1045752754428135}
  m_LocalRotation: {x: 1.185867E-09, y: 4.545868E-10, z: -0.005313422, w: 0.9999859}
  m_LocalPosition: {x: 9.390533E-12, y: 0.001492074, z: -5.300648E-09}
  m_LocalScale: {x: 1, y: 1, z: 1}
  m_Children: []
  m_Father: {fileID: 4580285975227757}
  m_RootOrder: 0
  m_LocalEulerAnglesHint: {x: 1.356116E-07, y: -5.281311E-08, z: 0.6088761}
--- !u!1 &1894736888937316
GameObject:
  m_CorrespondingSourceObject: {fileID: 0}
  m_PrefabInstance: {fileID: 100100000}
  m_PrefabAsset: {fileID: 0}
  serializedVersion: 5
  m_Component:
  - component: {fileID: 4777312074778141}
  m_Layer: 9
  m_Name: Thunmb1.r
  m_TagString: Untagged
  m_Icon: {fileID: 0}
  m_NavMeshLayer: 0
  m_StaticEditorFlags: 0
  m_IsActive: 1
--- !u!4 &4777312074778141
Transform:
  m_CorrespondingSourceObject: {fileID: 0}
  m_PrefabInstance: {fileID: 100100000}
  m_PrefabAsset: {fileID: 0}
  m_GameObject: {fileID: 1894736888937316}
  m_LocalRotation: {x: 1.05031E-07, y: -2.929753E-08, z: -0.5974194, w: 0.8019289}
  m_LocalPosition: {x: 0.001827544, y: 0.002458618, z: -3.341856E-09}
  m_LocalScale: {x: 1, y: 1, z: 1}
  m_Children:
  - {fileID: 4715246859361929}
  m_Father: {fileID: 4038842586531783}
  m_RootOrder: 4
  m_LocalEulerAnglesHint: {x: 1.165743E-05, y: -4.498064E-06, z: 73.37061}
--- !u!1 &1557517225667363
GameObject:
  m_CorrespondingSourceObject: {fileID: 0}
  m_PrefabInstance: {fileID: 100100000}
  m_PrefabAsset: {fileID: 0}
  serializedVersion: 5
  m_Component:
  - component: {fileID: 4715246859361929}
  m_Layer: 9
  m_Name: Thumb2.r
  m_TagString: Untagged
  m_Icon: {fileID: 0}
  m_NavMeshLayer: 0
  m_StaticEditorFlags: 0
  m_IsActive: 1
--- !u!4 &4715246859361929
Transform:
  m_CorrespondingSourceObject: {fileID: 0}
  m_PrefabInstance: {fileID: 100100000}
  m_PrefabAsset: {fileID: 0}
  m_GameObject: {fileID: 1557517225667363}
  m_LocalRotation: {x: -2.444651E-08, y: 1.981931E-09, z: 0.1730288, w: 0.9849168}
  m_LocalPosition: {x: 1.628341E-09, y: 0.001093078, z: -1.507885E-10}
  m_LocalScale: {x: 1, y: 1, z: 1}
  m_Children:
  - {fileID: 4810833859205621}
  m_Father: {fileID: 4777312074778141}
  m_RootOrder: 0
  m_LocalEulerAnglesHint: {x: -2.719813E-06, y: -7.084034E-07, z: -19.92793}
--- !u!1 &1509072212185811
GameObject:
  m_CorrespondingSourceObject: {fileID: 0}
  m_PrefabInstance: {fileID: 100100000}
  m_PrefabAsset: {fileID: 0}
  serializedVersion: 5
  m_Component:
  - component: {fileID: 4810833859205621}
  m_Layer: 9
  m_Name: Thumb3.r
  m_TagString: Untagged
  m_Icon: {fileID: 0}
  m_NavMeshLayer: 0
  m_StaticEditorFlags: 0
  m_IsActive: 1
--- !u!4 &4810833859205621
Transform:
  m_CorrespondingSourceObject: {fileID: 0}
  m_PrefabInstance: {fileID: 100100000}
  m_PrefabAsset: {fileID: 0}
  m_GameObject: {fileID: 1509072212185811}
  m_LocalRotation: {x: -3.300269E-09, y: -8.00941E-11, z: 0.02304376, w: 0.9997345}
  m_LocalPosition: {x: -1.918752E-09, y: 0.001886877, z: 2.321336E-09}
  m_LocalScale: {x: 0.9999999, y: 0.9999999, z: 0.9999999}
  m_Children: []
  m_Father: {fileID: 4715246859361929}
  m_RootOrder: 0
  m_LocalEulerAnglesHint: {x: -3.78294E-07, y: 4.609139E-10, z: -2.640854}
--- !u!1 &1817431714209254
GameObject:
  m_CorrespondingSourceObject: {fileID: 0}
  m_PrefabInstance: {fileID: 100100000}
  m_PrefabAsset: {fileID: 0}
  serializedVersion: 5
  m_Component:
  - component: {fileID: 4415470127902205}
  m_Layer: 9
  m_Name: Weapon.r
  m_TagString: Untagged
  m_Icon: {fileID: 0}
  m_NavMeshLayer: 0
  m_StaticEditorFlags: 0
  m_IsActive: 1
--- !u!4 &4415470127902205
Transform:
  m_CorrespondingSourceObject: {fileID: 0}
  m_PrefabInstance: {fileID: 100100000}
  m_PrefabAsset: {fileID: 0}
  m_GameObject: {fileID: 1817431714209254}
  m_LocalRotation: {x: 0.5220006, y: 0.4768843, z: 0.4696662, w: 0.5286875}
  m_LocalPosition: {x: 2.872544E-05, y: 0.003272583, z: -0.001259012}
  m_LocalScale: {x: 1, y: 0.9999997, z: 0.9999999}
  m_Children: []
  m_Father: {fileID: 4038842586531783}
  m_RootOrder: 5
  m_LocalEulerAnglesHint: {x: 89.98891, y: -0.7972092, z: -84.03044}
--- !u!1 &1716121385321666
GameObject:
  m_CorrespondingSourceObject: {fileID: 0}
  m_PrefabInstance: {fileID: 100100000}
  m_PrefabAsset: {fileID: 0}
  serializedVersion: 5
  m_Component:
  - component: {fileID: 4978814255317500}
  m_Layer: 9
  m_Name: Neck
  m_TagString: Untagged
  m_Icon: {fileID: 0}
  m_NavMeshLayer: 0
  m_StaticEditorFlags: 0
  m_IsActive: 1
--- !u!4 &4978814255317500
Transform:
  m_CorrespondingSourceObject: {fileID: 0}
  m_PrefabInstance: {fileID: 100100000}
  m_PrefabAsset: {fileID: 0}
  m_GameObject: {fileID: 1716121385321666}
  m_LocalRotation: {x: -0.1503439, y: 3.854329E-08, z: 3.877144E-08, w: 0.9886338}
  m_LocalPosition: {x: 7.105427E-17, y: 0.005706059, z: 4.041212E-16}
  m_LocalScale: {x: 1, y: 1, z: 1}
  m_Children:
  - {fileID: 4246060356822978}
  m_Father: {fileID: 4735707591365884}
  m_RootOrder: 2
  m_LocalEulerAnglesHint: {x: -17.29371, y: -5.034493E-06, z: -3.728352E-06}
--- !u!1 &1495694689576118
GameObject:
  m_CorrespondingSourceObject: {fileID: 0}
  m_PrefabInstance: {fileID: 100100000}
  m_PrefabAsset: {fileID: 0}
  serializedVersion: 5
  m_Component:
  - component: {fileID: 4246060356822978}
  m_Layer: 9
  m_Name: Neck2
  m_TagString: Untagged
  m_Icon: {fileID: 0}
  m_NavMeshLayer: 0
  m_StaticEditorFlags: 0
  m_IsActive: 1
--- !u!4 &4246060356822978
Transform:
  m_CorrespondingSourceObject: {fileID: 0}
  m_PrefabInstance: {fileID: 100100000}
  m_PrefabAsset: {fileID: 0}
  m_GameObject: {fileID: 1495694689576118}
  m_LocalRotation: {x: -0.2082076, y: 7.196851E-08, z: 3.025616E-08, w: 0.9780847}
  m_LocalPosition: {x: -8.881784E-17, y: 0.003069119, z: -1.86264E-10}
  m_LocalScale: {x: 1, y: 1, z: 0.9999999}
  m_Children:
  - {fileID: 4854368059522998}
  m_Father: {fileID: 4978814255317500}
  m_RootOrder: 0
  m_LocalEulerAnglesHint: {x: -24.03467, y: -8.788124E-06, z: -1.674033E-06}
--- !u!1 &1899735531528253
GameObject:
  m_CorrespondingSourceObject: {fileID: 0}
  m_PrefabInstance: {fileID: 100100000}
  m_PrefabAsset: {fileID: 0}
  serializedVersion: 5
  m_Component:
  - component: {fileID: 4854368059522998}
  m_Layer: 9
  m_Name: Head
  m_TagString: Untagged
  m_Icon: {fileID: 0}
  m_NavMeshLayer: 0
  m_StaticEditorFlags: 0
  m_IsActive: 1
--- !u!4 &4854368059522998
Transform:
  m_CorrespondingSourceObject: {fileID: 0}
  m_PrefabInstance: {fileID: 100100000}
  m_PrefabAsset: {fileID: 0}
  m_GameObject: {fileID: 1899735531528253}
  m_LocalRotation: {x: -0.6540979, y: 7.157686E-08, z: -1.497281E-08, w: 0.7564099}
  m_LocalPosition: {x: -3.552713E-16, y: 0.003178581, z: 8.195641E-10}
  m_LocalScale: {x: 1, y: 0.9999999, z: 1}
  m_Children:
  - {fileID: 4977280267815804}
  - {fileID: 4625642003311475}
  - {fileID: 4566603834432637}
  - {fileID: 4488841805043650}
  - {fileID: 4412554525567921}
  - {fileID: 4501303197054508}
  - {fileID: 4993489033688152}
  - {fileID: 4262001591499554}
  - {fileID: 4998808822168849}
  - {fileID: 4100835683053734}
  m_Father: {fileID: 4246060356822978}
  m_RootOrder: 0
  m_LocalEulerAnglesHint: {x: -81.70257, y: -5.081879E-06, z: 6.662794E-06}
--- !u!1 &1090009304557959
GameObject:
  m_CorrespondingSourceObject: {fileID: 0}
  m_PrefabInstance: {fileID: 100100000}
  m_PrefabAsset: {fileID: 0}
  serializedVersion: 5
  m_Component:
  - component: {fileID: 4977280267815804}
  m_Layer: 9
  m_Name: Cheek.l
  m_TagString: Untagged
  m_Icon: {fileID: 0}
  m_NavMeshLayer: 0
  m_StaticEditorFlags: 0
  m_IsActive: 1
--- !u!4 &4977280267815804
Transform:
  m_CorrespondingSourceObject: {fileID: 0}
  m_PrefabInstance: {fileID: 100100000}
  m_PrefabAsset: {fileID: 0}
  m_GameObject: {fileID: 1090009304557959}
  m_LocalRotation: {x: 0.3410763, y: 0.04559431, z: -0.2509513, w: 0.9047716}
  m_LocalPosition: {x: 5.684342E-16, y: 0.004745396, z: 1.862645E-09}
  m_LocalScale: {x: 0.9999999, y: 1, z: 1}
  m_Children: []
  m_Father: {fileID: 4854368059522998}
  m_RootOrder: 0
  m_LocalEulerAnglesHint: {x: 37.90897, y: -14.69609, z: 25.93248}
--- !u!1 &1741593853791958
GameObject:
  m_CorrespondingSourceObject: {fileID: 0}
  m_PrefabInstance: {fileID: 100100000}
  m_PrefabAsset: {fileID: 0}
  serializedVersion: 5
  m_Component:
  - component: {fileID: 4625642003311475}
  m_Layer: 9
  m_Name: Cheek.r
  m_TagString: Untagged
  m_Icon: {fileID: 0}
  m_NavMeshLayer: 0
  m_StaticEditorFlags: 0
  m_IsActive: 1
--- !u!4 &4625642003311475
Transform:
  m_CorrespondingSourceObject: {fileID: 0}
  m_PrefabInstance: {fileID: 100100000}
  m_PrefabAsset: {fileID: 0}
  m_GameObject: {fileID: 1741593853791958}
  m_LocalRotation: {x: 0.3410761, y: -0.04559421, z: 0.2509512, w: 0.9047717}
  m_LocalPosition: {x: 5.684342E-16, y: 0.004745396, z: 1.862645E-09}
  m_LocalScale: {x: 1, y: 0.9999999, z: 1}
  m_Children: []
  m_Father: {fileID: 4854368059522998}
  m_RootOrder: 1
  m_LocalEulerAnglesHint: {x: 37.90895, y: 14.69607, z: -25.93247}
--- !u!1 &1032196626642017
GameObject:
  m_CorrespondingSourceObject: {fileID: 0}
  m_PrefabInstance: {fileID: 100100000}
  m_PrefabAsset: {fileID: 0}
  serializedVersion: 5
  m_Component:
  - component: {fileID: 4566603834432637}
  m_Layer: 9
  m_Name: Ear1.l
  m_TagString: Untagged
  m_Icon: {fileID: 0}
  m_NavMeshLayer: 0
  m_StaticEditorFlags: 0
  m_IsActive: 1
--- !u!4 &4566603834432637
Transform:
  m_CorrespondingSourceObject: {fileID: 0}
  m_PrefabInstance: {fileID: 100100000}
  m_PrefabAsset: {fileID: 0}
  m_GameObject: {fileID: 1032196626642017}
  m_LocalRotation: {x: 0.2691308, y: 0.08426879, z: -0.5940886, w: 0.7533433}
  m_LocalPosition: {x: 0.002999019, y: 0.004156931, z: 0.002032592}
  m_LocalScale: {x: 1, y: 1, z: 1}
  m_Children:
  - {fileID: 4209340383064423}
  m_Father: {fileID: 4854368059522998}
  m_RootOrder: 2
  m_LocalEulerAnglesHint: {x: 19.95753, y: -26.53483, z: 71.7676}
--- !u!1 &1151085676952406
GameObject:
  m_CorrespondingSourceObject: {fileID: 0}
  m_PrefabInstance: {fileID: 100100000}
  m_PrefabAsset: {fileID: 0}
  serializedVersion: 5
  m_Component:
  - component: {fileID: 4209340383064423}
  m_Layer: 9
  m_Name: Ear2.l
  m_TagString: Untagged
  m_Icon: {fileID: 0}
  m_NavMeshLayer: 0
  m_StaticEditorFlags: 0
  m_IsActive: 1
--- !u!4 &4209340383064423
Transform:
  m_CorrespondingSourceObject: {fileID: 0}
  m_PrefabInstance: {fileID: 100100000}
  m_PrefabAsset: {fileID: 0}
  m_GameObject: {fileID: 1151085676952406}
  m_LocalRotation: {x: -0.006974216, y: -0.007200437, z: -0.009070606, w: 0.9999086}
  m_LocalPosition: {x: 1.192093E-09, y: 0.002962254, z: -5.960464E-10}
  m_LocalScale: {x: 1, y: 0.9999999, z: 0.9999999}
  m_Children: []
  m_Father: {fileID: 4566603834432637}
  m_RootOrder: 0
  m_LocalEulerAnglesHint: {x: -0.7917377, y: 0.8323122, z: 1.033731}
--- !u!1 &1033194543311387
GameObject:
  m_CorrespondingSourceObject: {fileID: 0}
  m_PrefabInstance: {fileID: 100100000}
  m_PrefabAsset: {fileID: 0}
  serializedVersion: 5
  m_Component:
  - component: {fileID: 4488841805043650}
  m_Layer: 9
  m_Name: Ear1.r
  m_TagString: Untagged
  m_Icon: {fileID: 0}
  m_NavMeshLayer: 0
  m_StaticEditorFlags: 0
  m_IsActive: 1
--- !u!4 &4488841805043650
Transform:
  m_CorrespondingSourceObject: {fileID: 0}
  m_PrefabInstance: {fileID: 100100000}
  m_PrefabAsset: {fileID: 0}
  m_GameObject: {fileID: 1033194543311387}
  m_LocalRotation: {x: 0.2691309, y: -0.08426892, z: 0.5940885, w: 0.7533433}
  m_LocalPosition: {x: -0.00299902, y: 0.004156931, z: 0.002032591}
  m_LocalScale: {x: 1, y: 1, z: 0.9999999}
  m_Children:
  - {fileID: 4562473339178928}
  m_Father: {fileID: 4854368059522998}
  m_RootOrder: 3
  m_LocalEulerAnglesHint: {x: 19.95754, y: 26.53485, z: -71.76759}
--- !u!1 &1727406768727720
GameObject:
  m_CorrespondingSourceObject: {fileID: 0}
  m_PrefabInstance: {fileID: 100100000}
  m_PrefabAsset: {fileID: 0}
  serializedVersion: 5
  m_Component:
  - component: {fileID: 4562473339178928}
  m_Layer: 9
  m_Name: Ear2.r
  m_TagString: Untagged
  m_Icon: {fileID: 0}
  m_NavMeshLayer: 0
  m_StaticEditorFlags: 0
  m_IsActive: 1
--- !u!4 &4562473339178928
Transform:
  m_CorrespondingSourceObject: {fileID: 0}
  m_PrefabInstance: {fileID: 100100000}
  m_PrefabAsset: {fileID: 0}
  m_GameObject: {fileID: 1727406768727720}
  m_LocalRotation: {x: -0.006974298, y: 0.007200517, z: 0.009070868, w: 0.9999086}
  m_LocalPosition: {x: 1.490116E-09, y: 0.002962253, z: -1.713633E-09}
  m_LocalScale: {x: 1, y: 0.9999999, z: 0.9999999}
  m_Children: []
  m_Father: {fileID: 4488841805043650}
  m_RootOrder: 0
  m_LocalEulerAnglesHint: {x: -0.7917468, y: -0.8323217, z: -1.03376}
--- !u!1 &1369566463764653
GameObject:
  m_CorrespondingSourceObject: {fileID: 0}
  m_PrefabInstance: {fileID: 100100000}
  m_PrefabAsset: {fileID: 0}
  serializedVersion: 5
  m_Component:
  - component: {fileID: 4412554525567921}
  m_Layer: 9
  m_Name: Eyebrow.l
  m_TagString: Untagged
  m_Icon: {fileID: 0}
  m_NavMeshLayer: 0
  m_StaticEditorFlags: 0
  m_IsActive: 1
--- !u!4 &4412554525567921
Transform:
  m_CorrespondingSourceObject: {fileID: 0}
  m_PrefabInstance: {fileID: 100100000}
  m_PrefabAsset: {fileID: 0}
  m_GameObject: {fileID: 1369566463764653}
  m_LocalRotation: {x: 0.4897963, y: 0.0620198, z: -0.2075694, w: 0.8444929}
  m_LocalPosition: {x: 5.684342E-16, y: 0.004745396, z: 1.862645E-09}
  m_LocalScale: {x: 1, y: 0.9999999, z: 1}
  m_Children: []
  m_Father: {fileID: 4854368059522998}
  m_RootOrder: 4
  m_LocalEulerAnglesHint: {x: 57.40416, y: -17.9438, z: 17.73686}
--- !u!1 &1548549879778387
GameObject:
  m_CorrespondingSourceObject: {fileID: 0}
  m_PrefabInstance: {fileID: 100100000}
  m_PrefabAsset: {fileID: 0}
  serializedVersion: 5
  m_Component:
  - component: {fileID: 4501303197054508}
  m_Layer: 9
  m_Name: Eyebrow.r
  m_TagString: Untagged
  m_Icon: {fileID: 0}
  m_NavMeshLayer: 0
  m_StaticEditorFlags: 0
  m_IsActive: 1
--- !u!4 &4501303197054508
Transform:
  m_CorrespondingSourceObject: {fileID: 0}
  m_PrefabInstance: {fileID: 100100000}
  m_PrefabAsset: {fileID: 0}
  m_GameObject: {fileID: 1548549879778387}
  m_LocalRotation: {x: 0.489796, y: -0.06201976, z: 0.2075694, w: 0.844493}
  m_LocalPosition: {x: 5.684342E-16, y: 0.004745396, z: 1.862645E-09}
  m_LocalScale: {x: 0.9999999, y: 0.9999999, z: 1}
  m_Children: []
  m_Father: {fileID: 4854368059522998}
  m_RootOrder: 5
  m_LocalEulerAnglesHint: {x: 57.40413, y: 17.94379, z: -17.73687}
--- !u!1 &1493710396515797
GameObject:
  m_CorrespondingSourceObject: {fileID: 0}
  m_PrefabInstance: {fileID: 100100000}
  m_PrefabAsset: {fileID: 0}
  serializedVersion: 5
  m_Component:
  - component: {fileID: 4993489033688152}
  m_Layer: 9
  m_Name: Jaw
  m_TagString: Untagged
  m_Icon: {fileID: 0}
  m_NavMeshLayer: 0
  m_StaticEditorFlags: 0
  m_IsActive: 1
--- !u!4 &4993489033688152
Transform:
  m_CorrespondingSourceObject: {fileID: 0}
  m_PrefabInstance: {fileID: 100100000}
  m_PrefabAsset: {fileID: 0}
  m_GameObject: {fileID: 1493710396515797}
  m_LocalRotation: {x: -0.252708, y: -5.250198E-08, z: 3.616537E-10, w: 0.9675426}
  m_LocalPosition: {x: 5.684342E-16, y: 0.004745396, z: 1.862645E-09}
  m_LocalScale: {x: 1, y: 0.9999999, z: 0.9999999}
  m_Children:
  - {fileID: 4109557020094614}
  - {fileID: 4541535227861036}
  m_Father: {fileID: 4854368059522998}
  m_RootOrder: 6
  m_LocalEulerAnglesHint: {x: -29.27564, y: 5.810537E-06, z: -1.560461E-06}
--- !u!1 &1491951332948493
GameObject:
  m_CorrespondingSourceObject: {fileID: 0}
  m_PrefabInstance: {fileID: 100100000}
  m_PrefabAsset: {fileID: 0}
  serializedVersion: 5
  m_Component:
  - component: {fileID: 4109557020094614}
  m_Layer: 9
  m_Name: LowerLip.l
  m_TagString: Untagged
  m_Icon: {fileID: 0}
  m_NavMeshLayer: 0
  m_StaticEditorFlags: 0
  m_IsActive: 1
--- !u!4 &4109557020094614
Transform:
  m_CorrespondingSourceObject: {fileID: 0}
  m_PrefabInstance: {fileID: 100100000}
  m_PrefabAsset: {fileID: 0}
  m_GameObject: {fileID: 1491951332948493}
  m_LocalRotation: {x: 0.6437169, y: 0.02666249, z: -0.3966554, w: 0.6538976}
  m_LocalPosition: {x: 2.273737E-15, y: 0.004120807, z: 2.086164E-09}
  m_LocalScale: {x: 1, y: 1, z: 1}
  m_Children: []
  m_Father: {fileID: 4993489033688152}
  m_RootOrder: 0
  m_LocalEulerAnglesHint: {x: 78.30825, y: -33.06134, z: 35.3103}
--- !u!1 &1506344158494185
GameObject:
  m_CorrespondingSourceObject: {fileID: 0}
  m_PrefabInstance: {fileID: 100100000}
  m_PrefabAsset: {fileID: 0}
  serializedVersion: 5
  m_Component:
  - component: {fileID: 4541535227861036}
  m_Layer: 9
  m_Name: LowerLip.r
  m_TagString: Untagged
  m_Icon: {fileID: 0}
  m_NavMeshLayer: 0
  m_StaticEditorFlags: 0
  m_IsActive: 1
--- !u!4 &4541535227861036
Transform:
  m_CorrespondingSourceObject: {fileID: 0}
  m_PrefabInstance: {fileID: 100100000}
  m_PrefabAsset: {fileID: 0}
  m_GameObject: {fileID: 1506344158494185}
  m_LocalRotation: {x: 0.6437168, y: -0.02666241, z: 0.3966552, w: 0.6538979}
  m_LocalPosition: {x: 2.273737E-15, y: 0.004120807, z: 2.086164E-09}
  m_LocalScale: {x: 1, y: 1, z: 1}
  m_Children: []
  m_Father: {fileID: 4993489033688152}
  m_RootOrder: 1
  m_LocalEulerAnglesHint: {x: 78.30823, y: 33.06131, z: -35.31029}
--- !u!1 &1319159022822855
GameObject:
  m_CorrespondingSourceObject: {fileID: 0}
  m_PrefabInstance: {fileID: 100100000}
  m_PrefabAsset: {fileID: 0}
  serializedVersion: 5
  m_Component:
  - component: {fileID: 4262001591499554}
  m_Layer: 9
  m_Name: Nose
  m_TagString: Untagged
  m_Icon: {fileID: 0}
  m_NavMeshLayer: 0
  m_StaticEditorFlags: 0
  m_IsActive: 1
--- !u!4 &4262001591499554
Transform:
  m_CorrespondingSourceObject: {fileID: 0}
  m_PrefabInstance: {fileID: 100100000}
  m_PrefabAsset: {fileID: 0}
  m_GameObject: {fileID: 1319159022822855}
  m_LocalRotation: {x: 0.2393752, y: -1.093633E-07, z: -1.042816E-08, w: 0.9709271}
  m_LocalPosition: {x: 5.684342E-16, y: 0.004745396, z: 1.862645E-09}
  m_LocalScale: {x: 1, y: 1, z: 1}
  m_Children: []
  m_Father: {fileID: 4854368059522998}
  m_RootOrder: 7
  m_LocalEulerAnglesHint: {x: 27.69934, y: 1.188172E-05, z: 4.160114E-06}
--- !u!1 &1167016309255134
GameObject:
  m_CorrespondingSourceObject: {fileID: 0}
  m_PrefabInstance: {fileID: 100100000}
  m_PrefabAsset: {fileID: 0}
  serializedVersion: 5
  m_Component:
  - component: {fileID: 4998808822168849}
  m_Layer: 9
  m_Name: Upperlip.l
  m_TagString: Untagged
  m_Icon: {fileID: 0}
  m_NavMeshLayer: 0
  m_StaticEditorFlags: 0
  m_IsActive: 1
--- !u!4 &4998808822168849
Transform:
  m_CorrespondingSourceObject: {fileID: 0}
  m_PrefabInstance: {fileID: 100100000}
  m_PrefabAsset: {fileID: 0}
  m_GameObject: {fileID: 1167016309255134}
  m_LocalRotation: {x: 0.03718177, y: 0.02062898, z: -0.1105942, w: 0.9929556}
  m_LocalPosition: {x: 5.684342E-16, y: 0.004745396, z: 1.862645E-09}
  m_LocalScale: {x: 1, y: 0.9999998, z: 1}
  m_Children: []
  m_Father: {fileID: 4854368059522998}
  m_RootOrder: 8
  m_LocalEulerAnglesHint: {x: 3.977273, y: -2.819603, z: 12.61275}
--- !u!1 &1467336145678464
GameObject:
  m_CorrespondingSourceObject: {fileID: 0}
  m_PrefabInstance: {fileID: 100100000}
  m_PrefabAsset: {fileID: 0}
  serializedVersion: 5
  m_Component:
  - component: {fileID: 4100835683053734}
  m_Layer: 9
  m_Name: Upperlip.r
  m_TagString: Untagged
  m_Icon: {fileID: 0}
  m_NavMeshLayer: 0
  m_StaticEditorFlags: 0
  m_IsActive: 1
--- !u!4 &4100835683053734
Transform:
  m_CorrespondingSourceObject: {fileID: 0}
  m_PrefabInstance: {fileID: 100100000}
  m_PrefabAsset: {fileID: 0}
  m_GameObject: {fileID: 1467336145678464}
  m_LocalRotation: {x: 0.03718201, y: -0.02063107, z: 0.1105941, w: 0.9929556}
  m_LocalPosition: {x: 5.684342E-16, y: 0.004745396, z: 1.862645E-09}
  m_LocalScale: {x: 0.9999999, y: 1, z: 0.9999999}
  m_Children: []
  m_Father: {fileID: 4854368059522998}
  m_RootOrder: 9
  m_LocalEulerAnglesHint: {x: 3.977275, y: 2.819844, z: -12.61273}
--- !u!1 &1488380231667712
GameObject:
  m_CorrespondingSourceObject: {fileID: 0}
  m_PrefabInstance: {fileID: 100100000}
  m_PrefabAsset: {fileID: 0}
  serializedVersion: 5
  m_Component:
  - component: {fileID: 4605285153774091}
  m_Layer: 9
  m_Name: uppoerleg.l
  m_TagString: Untagged
  m_Icon: {fileID: 0}
  m_NavMeshLayer: 0
  m_StaticEditorFlags: 0
  m_IsActive: 1
--- !u!4 &4605285153774091
Transform:
  m_CorrespondingSourceObject: {fileID: 0}
  m_PrefabInstance: {fileID: 100100000}
  m_PrefabAsset: {fileID: 0}
  m_GameObject: {fileID: 1488380231667712}
  m_LocalRotation: {x: 0.9916545, y: 0.03988585, z: 0.02245716, w: -0.1205251}
  m_LocalPosition: {x: 0.004735102, y: -0.0001181691, z: -0.0003875084}
  m_LocalScale: {x: 1.000001, y: 1, z: 1.000006}
  m_Children:
  - {fileID: 4920907292669701}
  m_Father: {fileID: 4416442491115671}
  m_RootOrder: 1
  m_LocalEulerAnglesHint: {x: -166.2553, y: 3.104312, z: -4.23233}
--- !u!1 &1443663617834225
GameObject:
  m_CorrespondingSourceObject: {fileID: 0}
  m_PrefabInstance: {fileID: 100100000}
  m_PrefabAsset: {fileID: 0}
  serializedVersion: 5
  m_Component:
  - component: {fileID: 4920907292669701}
  m_Layer: 9
  m_Name: lowerleg.l
  m_TagString: Untagged
  m_Icon: {fileID: 0}
  m_NavMeshLayer: 0
  m_StaticEditorFlags: 0
  m_IsActive: 1
--- !u!4 &4920907292669701
Transform:
  m_CorrespondingSourceObject: {fileID: 0}
  m_PrefabInstance: {fileID: 100100000}
  m_PrefabAsset: {fileID: 0}
  m_GameObject: {fileID: 1443663617834225}
  m_LocalRotation: {x: -0.1681008, y: 0.01037553, z: 0.02182296, w: 0.9854736}
  m_LocalPosition: {x: -5.494803E-10, y: 0.01273783, z: -2.235174E-10}
  m_LocalScale: {x: 1.000001, y: 1.000001, z: 0.9999999}
  m_Children:
  - {fileID: 4159442989201259}
  m_Father: {fileID: 4605285153774091}
  m_RootOrder: 0
  m_LocalEulerAnglesHint: {x: -19.32904, y: -1.592256, z: -2.266003}
--- !u!1 &1811161123813899
GameObject:
  m_CorrespondingSourceObject: {fileID: 0}
  m_PrefabInstance: {fileID: 100100000}
  m_PrefabAsset: {fileID: 0}
  serializedVersion: 5
  m_Component:
  - component: {fileID: 4159442989201259}
  m_Layer: 9
  m_Name: foot.l
  m_TagString: Untagged
  m_Icon: {fileID: 0}
  m_NavMeshLayer: 0
  m_StaticEditorFlags: 0
  m_IsActive: 1
--- !u!4 &4159442989201259
Transform:
  m_CorrespondingSourceObject: {fileID: 0}
  m_PrefabInstance: {fileID: 100100000}
  m_PrefabAsset: {fileID: 0}
  m_GameObject: {fileID: 1811161123813899}
  m_LocalRotation: {x: 0.7461085, y: 0.06547186, z: -0.03480155, w: 0.661683}
  m_LocalPosition: {x: 1.97906E-11, y: 0.01320567, z: -9.313225E-11}
  m_LocalScale: {x: 1, y: 1, z: 1}
  m_Children:
  - {fileID: 4918495394551324}
  m_Father: {fileID: 4920907292669701}
  m_RootOrder: 0
  m_LocalEulerAnglesHint: {x: 97.07201, y: -7.965378, z: -2.989109}
--- !u!1 &1611100887522840
GameObject:
  m_CorrespondingSourceObject: {fileID: 0}
  m_PrefabInstance: {fileID: 100100000}
  m_PrefabAsset: {fileID: 0}
  serializedVersion: 5
  m_Component:
  - component: {fileID: 4918495394551324}
  m_Layer: 9
  m_Name: footmid.l
  m_TagString: Untagged
  m_Icon: {fileID: 0}
  m_NavMeshLayer: 0
  m_StaticEditorFlags: 0
  m_IsActive: 1
--- !u!4 &4918495394551324
Transform:
  m_CorrespondingSourceObject: {fileID: 0}
  m_PrefabInstance: {fileID: 100100000}
  m_PrefabAsset: {fileID: 0}
  m_GameObject: {fileID: 1611100887522840}
  m_LocalRotation: {x: -0.06665042, y: -0.007555538, z: 0.0189595, w: 0.9975677}
  m_LocalPosition: {x: 2.956949E-10, y: 0.004108605, z: 2.025627E-10}
  m_LocalScale: {x: 0.9999999, y: 0.9999999, z: 1}
  m_Children:
  - {fileID: 4426955540920210}
  m_Father: {fileID: 4159442989201259}
  m_RootOrder: 0
  m_LocalEulerAnglesHint: {x: -7.658802, y: 0.7189092, z: -2.225755}
--- !u!1 &1948753610349824
GameObject:
  m_CorrespondingSourceObject: {fileID: 0}
  m_PrefabInstance: {fileID: 100100000}
  m_PrefabAsset: {fileID: 0}
  serializedVersion: 5
  m_Component:
  - component: {fileID: 4426955540920210}
  m_Layer: 9
  m_Name: footfront.l
  m_TagString: Untagged
  m_Icon: {fileID: 0}
  m_NavMeshLayer: 0
  m_StaticEditorFlags: 0
  m_IsActive: 1
--- !u!4 &4426955540920210
Transform:
  m_CorrespondingSourceObject: {fileID: 0}
  m_PrefabInstance: {fileID: 100100000}
  m_PrefabAsset: {fileID: 0}
  m_GameObject: {fileID: 1948753610349824}
  m_LocalRotation: {x: 0.08531129, y: 0.006649121, z: 0.01077877, w: 0.9962739}
  m_LocalPosition: {x: -5.646143E-10, y: 0.00289944, z: 7.45058E-11}
  m_LocalScale: {x: 1, y: 0.9999999, z: 0.9999998}
  m_Children: []
  m_Father: {fileID: 4918495394551324}
  m_RootOrder: 0
  m_LocalEulerAnglesHint: {x: 9.796031, y: -0.6537355, z: -1.29575}
--- !u!1 &1598983675557749
GameObject:
  m_CorrespondingSourceObject: {fileID: 0}
  m_PrefabInstance: {fileID: 100100000}
  m_PrefabAsset: {fileID: 0}
  serializedVersion: 5
  m_Component:
  - component: {fileID: 4142425753328163}
  m_Layer: 9
  m_Name: uppoerleg.r
  m_TagString: Untagged
  m_Icon: {fileID: 0}
  m_NavMeshLayer: 0
  m_StaticEditorFlags: 0
  m_IsActive: 1
--- !u!4 &4142425753328163
Transform:
  m_CorrespondingSourceObject: {fileID: 0}
  m_PrefabInstance: {fileID: 100100000}
  m_PrefabAsset: {fileID: 0}
  m_GameObject: {fileID: 1598983675557749}
  m_LocalRotation: {x: 0.9916541, y: -0.03989596, z: -0.02245594, w: -0.1205248}
  m_LocalPosition: {x: -0.004735102, y: -0.0001181691, z: -0.0003875059}
  m_LocalScale: {x: 1.000001, y: 1, z: 1.00001}
  m_Children:
  - {fileID: 4043794125855510}
  m_Father: {fileID: 4416442491115671}
  m_RootOrder: 2
  m_LocalEulerAnglesHint: {x: -166.2554, y: -3.104312, z: 4.2335}
--- !u!1 &1942128618460612
GameObject:
  m_CorrespondingSourceObject: {fileID: 0}
  m_PrefabInstance: {fileID: 100100000}
  m_PrefabAsset: {fileID: 0}
  serializedVersion: 5
  m_Component:
  - component: {fileID: 4043794125855510}
  m_Layer: 9
  m_Name: lowerleg.r
  m_TagString: Untagged
  m_Icon: {fileID: 0}
  m_NavMeshLayer: 0
  m_StaticEditorFlags: 0
  m_IsActive: 1
--- !u!4 &4043794125855510
Transform:
  m_CorrespondingSourceObject: {fileID: 0}
  m_PrefabInstance: {fileID: 100100000}
  m_PrefabAsset: {fileID: 0}
  m_GameObject: {fileID: 1942128618460612}
  m_LocalRotation: {x: -0.1681008, y: -0.01037571, z: -0.0218237, w: 0.9854736}
  m_LocalPosition: {x: -3.72529E-11, y: 0.01273783, z: -1.247972E-09}
  m_LocalScale: {x: 1, y: 1.000001, z: 0.9999993}
  m_Children:
  - {fileID: 4259051712435478}
  m_Father: {fileID: 4142425753328163}
  m_RootOrder: 0
  m_LocalEulerAnglesHint: {x: -19.32904, y: 1.592291, z: 2.266083}
--- !u!1 &1555940669236453
GameObject:
  m_CorrespondingSourceObject: {fileID: 0}
  m_PrefabInstance: {fileID: 100100000}
  m_PrefabAsset: {fileID: 0}
  serializedVersion: 5
  m_Component:
  - component: {fileID: 4259051712435478}
  m_Layer: 9
  m_Name: foot.r
  m_TagString: Untagged
  m_Icon: {fileID: 0}
  m_NavMeshLayer: 0
  m_StaticEditorFlags: 0
  m_IsActive: 1
--- !u!4 &4259051712435478
Transform:
  m_CorrespondingSourceObject: {fileID: 0}
  m_PrefabInstance: {fileID: 100100000}
  m_PrefabAsset: {fileID: 0}
  m_GameObject: {fileID: 1555940669236453}
  m_LocalRotation: {x: 0.7461084, y: -0.06547297, z: 0.03480247, w: 0.661683}
  m_LocalPosition: {x: 4.086178E-10, y: 0.01320567, z: 2.793968E-11}
  m_LocalScale: {x: 1, y: 1, z: 1}
  m_Children:
  - {fileID: 4079047207340948}
  m_Father: {fileID: 4043794125855510}
  m_RootOrder: 0
  m_LocalEulerAnglesHint: {x: 97.07202, y: 7.965542, z: 2.989136}
--- !u!1 &1523635591353036
GameObject:
  m_CorrespondingSourceObject: {fileID: 0}
  m_PrefabInstance: {fileID: 100100000}
  m_PrefabAsset: {fileID: 0}
  serializedVersion: 5
  m_Component:
  - component: {fileID: 4079047207340948}
  m_Layer: 9
  m_Name: footmid.r
  m_TagString: Untagged
  m_Icon: {fileID: 0}
  m_NavMeshLayer: 0
  m_StaticEditorFlags: 0
  m_IsActive: 1
--- !u!4 &4079047207340948
Transform:
  m_CorrespondingSourceObject: {fileID: 0}
  m_PrefabInstance: {fileID: 100100000}
  m_PrefabAsset: {fileID: 0}
  m_GameObject: {fileID: 1523635591353036}
  m_LocalRotation: {x: -0.06665042, y: 0.007558896, z: -0.01895903, w: 0.9975677}
  m_LocalPosition: {x: -1.013395E-09, y: 0.004108601, z: -6.752088E-11}
  m_LocalScale: {x: 1, y: 0.9999999, z: 1}
  m_Children:
  - {fileID: 4357984611488779}
  m_Father: {fileID: 4259051712435478}
  m_RootOrder: 0
  m_LocalEulerAnglesHint: {x: -7.658809, y: -0.7192966, z: 2.225727}
--- !u!1 &1715595749072118
GameObject:
  m_CorrespondingSourceObject: {fileID: 0}
  m_PrefabInstance: {fileID: 100100000}
  m_PrefabAsset: {fileID: 0}
  serializedVersion: 5
  m_Component:
  - component: {fileID: 4357984611488779}
  m_Layer: 9
  m_Name: footfront.r
  m_TagString: Untagged
  m_Icon: {fileID: 0}
  m_NavMeshLayer: 0
  m_StaticEditorFlags: 0
  m_IsActive: 1
--- !u!4 &4357984611488779
Transform:
  m_CorrespondingSourceObject: {fileID: 0}
  m_PrefabInstance: {fileID: 100100000}
  m_PrefabAsset: {fileID: 0}
  m_GameObject: {fileID: 1715595749072118}
  m_LocalRotation: {x: 0.08531141, y: -0.00665257, z: -0.01077964, w: 0.9962738}
  m_LocalPosition: {x: -8.032657E-11, y: 0.002899437, z: 1.490116E-10}
  m_LocalScale: {x: 1, y: 1, z: 0.9999999}
  m_Children: []
  m_Father: {fileID: 4079047207340948}
  m_RootOrder: 0
  m_LocalEulerAnglesHint: {x: 9.796049, y: 0.6541206, z: 1.295883}
--- !u!1 &1362045195644284
GameObject:
  m_CorrespondingSourceObject: {fileID: 0}
  m_PrefabInstance: {fileID: 100100000}
  m_PrefabAsset: {fileID: 0}
  serializedVersion: 5
  m_Component:
  - component: {fileID: 4834985851771022}
  - component: {fileID: 137388905561993310}
  m_Layer: 9
  m_Name: GoblinBrute
  m_TagString: Untagged
  m_Icon: {fileID: 0}
  m_NavMeshLayer: 0
  m_StaticEditorFlags: 0
  m_IsActive: 1
--- !u!4 &4834985851771022
Transform:
  m_CorrespondingSourceObject: {fileID: 0}
  m_PrefabInstance: {fileID: 100100000}
  m_PrefabAsset: {fileID: 0}
  m_GameObject: {fileID: 1362045195644284}
  m_LocalRotation: {x: -0.7071068, y: 0, z: 0, w: 0.7071067}
  m_LocalPosition: {x: 0, y: 0, z: 0}
  m_LocalScale: {x: 100, y: 100, z: 100}
  m_Children: []
  m_Father: {fileID: 4772277786420659}
  m_RootOrder: 1
  m_LocalEulerAnglesHint: {x: -90.00001, y: 0, z: 0}
--- !u!137 &137388905561993310
SkinnedMeshRenderer:
  m_CorrespondingSourceObject: {fileID: 0}
  m_PrefabInstance: {fileID: 100100000}
  m_PrefabAsset: {fileID: 0}
  m_GameObject: {fileID: 1362045195644284}
  m_Enabled: 1
  m_CastShadows: 1
  m_ReceiveShadows: 1
  m_DynamicOccludee: 1
  m_MotionVectors: 1
  m_LightProbeUsage: 1
  m_ReflectionProbeUsage: 1
  m_RayTracingMode: 0
  m_RenderingLayerMask: 1
  m_RendererPriority: 0
  m_Materials:
  - {fileID: 2100000, guid: e67c39472caa77945a0852b377593075, type: 2}
  m_StaticBatchInfo:
    firstSubMesh: 0
    subMeshCount: 0
  m_StaticBatchRoot: {fileID: 0}
  m_ProbeAnchor: {fileID: 0}
  m_LightProbeVolumeOverride: {fileID: 0}
  m_ScaleInLightmap: 1
  m_ReceiveGI: 1
  m_PreserveUVs: 0
  m_IgnoreNormalsForChartDetection: 0
  m_ImportantGI: 0
  m_StitchLightmapSeams: 0
  m_SelectedEditorRenderState: 3
  m_MinimumChartSize: 4
  m_AutoUVMaxDistance: 0.5
  m_AutoUVMaxAngle: 89
  m_LightmapParameters: {fileID: 0}
  m_SortingLayerID: 0
  m_SortingLayer: 0
  m_SortingOrder: 0
  serializedVersion: 2
  m_Quality: 0
  m_UpdateWhenOffscreen: 0
  m_skinnedMotionVectors: 1
  m_Mesh: {fileID: 4300000, guid: 5606d870461cecf4b9c20fbf390a7047, type: 2}
  m_Bones:
  - {fileID: 4083271813352680}
  - {fileID: 4496408570001662}
  - {fileID: 4416442491115671}
  - {fileID: 4321451273568362}
  - {fileID: 4408892292703773}
  - {fileID: 4735707591365884}
  - {fileID: 4978814255317500}
  - {fileID: 4246060356822978}
  - {fileID: 4854368059522998}
  - {fileID: 4993489033688152}
  - {fileID: 4109557020094614}
  - {fileID: 4541535227861036}
  - {fileID: 4412554525567921}
  - {fileID: 4977280267815804}
  - {fileID: 4262001591499554}
  - {fileID: 4998808822168849}
  - {fileID: 4566603834432637}
  - {fileID: 4209340383064423}
  - {fileID: 4501303197054508}
  - {fileID: 4625642003311475}
  - {fileID: 4100835683053734}
  - {fileID: 4488841805043650}
  - {fileID: 4562473339178928}
  - {fileID: 4091769022843429}
  - {fileID: 4933598218995689}
  - {fileID: 4069602176460385}
  - {fileID: 4854074231789683}
  - {fileID: 4018808157517741}
  - {fileID: 4168701389721060}
  - {fileID: 4544807825223216}
  - {fileID: 4155802149113534}
  - {fileID: 4199212622393215}
  - {fileID: 4752115269123308}
  - {fileID: 4663121797864092}
  - {fileID: 4340125720799476}
  - {fileID: 4765522921626014}
  - {fileID: 4649735501067550}
  - {fileID: 4973779915130795}
  - {fileID: 4872104976550587}
  - {fileID: 4944247731670535}
  - {fileID: 4488707063220560}
  - {fileID: 4661515726067153}
  - {fileID: 4911895269628964}
  - {fileID: 4073958795898362}
  - {fileID: 4074721889998049}
  - {fileID: 4350428715525855}
  - {fileID: 4038842586531783}
  - {fileID: 4777312074778141}
  - {fileID: 4715246859361929}
  - {fileID: 4810833859205621}
  - {fileID: 4984307408891047}
  - {fileID: 4851893733600848}
  - {fileID: 4883027006833058}
  - {fileID: 4355545021223084}
  - {fileID: 4386539776968234}
  - {fileID: 4988531025790775}
  - {fileID: 4394704755485517}
  - {fileID: 4580285975227757}
  - {fileID: 4155924287153548}
  - {fileID: 4506323184658571}
  - {fileID: 4159074161794130}
  - {fileID: 4428422669496664}
  - {fileID: 4415470127902205}
  - {fileID: 4605285153774091}
  - {fileID: 4920907292669701}
  - {fileID: 4159442989201259}
  - {fileID: 4918495394551324}
  - {fileID: 4426955540920210}
  - {fileID: 4142425753328163}
  - {fileID: 4043794125855510}
  - {fileID: 4259051712435478}
  - {fileID: 4079047207340948}
  - {fileID: 4357984611488779}
  m_BlendShapeWeights: []
  m_RootBone: {fileID: 4083271813352680}
  m_AABB:
    m_Center: {x: -9.313226E-09, y: 0.02900425, z: -0.0006072246}
    m_Extent: {x: 0.04187308, y: 0.03051043, z: 0.0106314}
  m_DirtyAABB: 0
