%YAML 1.1
%TAG !u! tag:unity3d.com,2011:
--- !u!1001 &100100000
PrefabInstance:
  serializedVersion: 2
  m_RootGameObject: {fileID: 1638750563801075}
  m_Modification:
    m_TransformParent: {fileID: 0}
    m_Modifications: []
    m_RemovedComponents: []
  m_SourcePrefab: {fileID: 0}
--- !u!1 &1638750563801075
GameObject:
  m_CorrespondingSourceObject: {fileID: 0}
  m_PrefabInstance: {fileID: 100100000}
  m_PrefabAsset: {fileID: 0}
  serializedVersion: 5
  m_Component:
  - component: {fileID: 4682031862327830}
  - component: {fileID: 114820602191349900}
  m_Layer: 12
  m_Name: Hair9
  m_TagString: Untagged
  m_Icon: {fileID: 0}
  m_NavMeshLayer: 0
  m_StaticEditorFlags: 0
  m_IsActive: 1
--- !u!4 &4682031862327830
Transform:
  m_CorrespondingSourceObject: {fileID: 0}
  m_PrefabInstance: {fileID: 100100000}
  m_PrefabAsset: {fileID: 0}
  m_GameObject: {fileID: 1638750563801075}
  m_LocalRotation: {x: 0, y: 0, z: 0, w: 1}
  m_LocalPosition: {x: 0, y: 50, z: 0}
  m_LocalScale: {x: 1, y: 1, z: 1}
  m_Children:
  - {fileID: 4821037754053086}
  m_Father: {fileID: 0}
  m_RootOrder: 0
  m_LocalEulerAnglesHint: {x: 0, y: 0, z: 0}
--- !u!114 &114820602191349900
MonoBehaviour:
  m_CorrespondingSourceObject: {fileID: 0}
  m_PrefabInstance: {fileID: 100100000}
  m_PrefabAsset: {fileID: 0}
  m_GameObject: {fileID: 1638750563801075}
  m_Enabled: 1
  m_EditorHideFlags: 0
  m_Script: {fileID: 11500000, guid: ee3583957fdcbe54a95d5c71c47d06a6, type: 3}
  m_Name:
  m_EditorClassIdentifier:
  m_autoPickup: 1
  m_autoDestroy: 1
  m_itemData:
    m_stack: 1
    m_durability: 100
    m_quality: 1
    m_variant: 0
    m_shared:
      m_name: $customization_hair09
      m_dlc:
      m_itemType: 10
      m_icons: []
      m_attachOverride: 0
      m_description:
      m_maxStackSize: 1
      m_maxQuality: 1
      m_weight: 1
      m_value: 0
      m_teleportable: 1
      m_questItem: 0
      m_equipDuration: 1
      m_variants: 0
      m_trophyPos: {x: 0, y: 0}
      m_buildPieces: {fileID: 0}
      m_centerCamera: 0
      m_setName:
      m_setSize: 0
      m_setStatusEffect: {fileID: 0}
      m_equipStatusEffect: {fileID: 0}
      m_movementModifier: 0
      m_food: 0
      m_foodStamina: 0
      m_foodBurnTime: 0
      m_foodRegen: 0
      m_foodColor: {r: 1, g: 1, b: 1, a: 1}
      m_armorMaterial: {fileID: 0}
      m_helmetHideHair: 1
      m_armor: 5
      m_armorPerLevel: 1
      m_damageModifiers: []
      m_blockPower: 10
      m_blockPowerPerLevel: 0
      m_deflectionForce: 0
      m_deflectionForcePerLevel: 0
      m_timedBlockBonus: 1.5
      m_animationState: 1
      m_skillType: 1
      m_toolTier: 0
      m_damages:
        m_damage: 0
        m_blunt: 10
        m_slash: 0
        m_pierce: 0
        m_chop: 0
        m_pickaxe: 0
        m_fire: 0
        m_frost: 0
        m_lightning: 0
        m_poison: 0
        m_spirit: 0
      m_damagesPerLevel:
        m_damage: 0
        m_blunt: 0
        m_slash: 0
        m_pierce: 0
        m_chop: 0
        m_pickaxe: 0
        m_fire: 0
        m_frost: 0
        m_lightning: 0
        m_poison: 0
        m_spirit: 0
      m_attackForce: 30
      m_backstabBonus: 4
      m_dodgeable: 1
      m_blockable: 1
      m_tamedOnly: 0
      m_attackStatusEffect: {fileID: 0}
      m_spawnOnHit: {fileID: 0}
      m_spawnOnHitTerrain: {fileID: 0}
      m_attack:
        m_attackType: 0
        m_attackAnimation:
        m_attackRandomAnimations: 0
        m_attackChainLevels: 0
        m_consumeItem: 0
        m_hitTerrain: 1
        m_attackStamina: 20
        m_speedFactor: 0.2
        m_speedFactorRotation: 0.2
        m_attackStartNoise: 10
        m_attackHitNoise: 30
        m_damageMultiplier: 1
        m_forceMultiplier: 1
        m_staggerMultiplier: 1
        m_attackOriginJoint:
        m_attackRange: 2.4
        m_attackHeight: 0.8
        m_attackOffset: 0
        m_spawnOnTrigger: {fileID: 0}
        m_attackAngle: 90
        m_attackRayWidth: 0
        m_maxYAngle: 0
        m_lowerDamagePerHit: 1
        m_hitPointtype: 0
        m_hitThroughWalls: 0
        m_multiHit: 1
        m_pickaxeSpecial: 0
        m_lastChainDamageMultiplier: 2
        m_resetChainIfHit: 0
        m_skillHitType: 4
        m_specialHitSkill: 0
        m_specialHitType: 0
        m_attackProjectile: {fileID: 0}
        m_projectileVel: 10
        m_projectileVelMin: 2
        m_projectileAccuracy: 10
        m_projectileAccuracyMin: 20
        m_useCharacterFacing: 0
        m_useCharacterFacingYAim: 0
        m_launchAngle: 0
        m_projectiles: 1
        m_projectileBursts: 1
        m_burstInterval: 0
        m_destroyPreviousProjectile: 0
        m_hitEffect:
          m_effectPrefabs: []
        m_hitTerrainEffect:
          m_effectPrefabs: []
        m_startEffect:
          m_effectPrefabs: []
        m_triggerEffect:
          m_effectPrefabs: []
        m_trailStartEffect:
          m_effectPrefabs: []
      m_secondaryAttack:
        m_attackType: 0
        m_attackAnimation:
        m_attackRandomAnimations: 0
        m_attackChainLevels: 0
        m_consumeItem: 0
        m_hitTerrain: 1
        m_attackStamina: 20
        m_speedFactor: 0.2
        m_speedFactorRotation: 0.2
        m_attackStartNoise: 10
        m_attackHitNoise: 30
        m_damageMultiplier: 1
        m_forceMultiplier: 1
        m_staggerMultiplier: 1
        m_attackOriginJoint:
        m_attackRange: 1.5
        m_attackHeight: 0.6
        m_attackOffset: 0
        m_spawnOnTrigger: {fileID: 0}
        m_attackAngle: 90
        m_attackRayWidth: 0
        m_maxYAngle: 0
        m_lowerDamagePerHit: 1
        m_hitPointtype: 0
        m_hitThroughWalls: 0
        m_multiHit: 1
        m_pickaxeSpecial: 0
        m_lastChainDamageMultiplier: 2
        m_resetChainIfHit: 0
        m_skillHitType: 4
        m_specialHitSkill: 0
        m_specialHitType: 0
        m_attackProjectile: {fileID: 0}
        m_projectileVel: 10
        m_projectileVelMin: 2
        m_projectileAccuracy: 10
        m_projectileAccuracyMin: 20
        m_useCharacterFacing: 0
        m_useCharacterFacingYAim: 0
        m_launchAngle: 0
        m_projectiles: 1
        m_projectileBursts: 1
        m_burstInterval: 0
        m_destroyPreviousProjectile: 0
        m_hitEffect:
          m_effectPrefabs: []
        m_hitTerrainEffect:
          m_effectPrefabs: []
        m_startEffect:
          m_effectPrefabs: []
        m_triggerEffect:
          m_effectPrefabs: []
        m_trailStartEffect:
          m_effectPrefabs: []
      m_useDurability: 0
      m_destroyBroken: 1
      m_canBeReparied: 1
      m_maxDurability: 100
      m_durabilityPerLevel: 50
      m_useDurabilityDrain: 1
      m_durabilityDrain: 0
      m_holdDurationMin: 0
      m_holdStaminaDrain: 0
      m_holdAnimationState:
      m_ammoType:
      m_aiAttackRange: 2
      m_aiAttackRangeMin: 0
      m_aiAttackInterval: 2
      m_aiAttackMaxAngle: 5
      m_aiWhenFlying: 1
      m_aiWhenWalking: 1
      m_aiWhenSwiming: 1
      m_aiPrioritized: 0
      m_aiTargetType: 0
      m_hitEffect:
        m_effectPrefabs: []
      m_hitTerrainEffect:
        m_effectPrefabs: []
      m_blockEffect:
        m_effectPrefabs: []
      m_startEffect:
        m_effectPrefabs: []
      m_holdStartEffect:
        m_effectPrefabs: []
      m_triggerEffect:
        m_effectPrefabs: []
      m_trailStartEffect:
        m_effectPrefabs: []
      m_consumeStatusEffect: {fileID: 0}
--- !u!1 &1057505322529044
GameObject:
  m_CorrespondingSourceObject: {fileID: 0}
  m_PrefabInstance: {fileID: 100100000}
  m_PrefabAsset: {fileID: 0}
  serializedVersion: 5
  m_Component:
  - component: {fileID: 4821037754053086}
  m_Layer: 0
  m_Name: attach_skin
  m_TagString: Untagged
  m_Icon: {fileID: 0}
  m_NavMeshLayer: 0
  m_StaticEditorFlags: 0
  m_IsActive: 1
--- !u!4 &4821037754053086
Transform:
  m_CorrespondingSourceObject: {fileID: 0}
  m_PrefabInstance: {fileID: 100100000}
  m_PrefabAsset: {fileID: 0}
  m_GameObject: {fileID: 1057505322529044}
  m_LocalRotation: {x: 0, y: 0, z: 0, w: 1}
  m_LocalPosition: {x: 0, y: 0, z: 0}
  m_LocalScale: {x: 1, y: 1, z: 1}
  m_Children:
  - {fileID: 4222655220366589}
  - {fileID: 4165696888827543}
  m_Father: {fileID: 4682031862327830}
  m_RootOrder: 0
  m_LocalEulerAnglesHint: {x: 0, y: 0, z: 0}
--- !u!1 &1998802285361036
GameObject:
  m_CorrespondingSourceObject: {fileID: 0}
  m_PrefabInstance: {fileID: 100100000}
  m_PrefabAsset: {fileID: 0}
  serializedVersion: 5
  m_Component:
  - component: {fileID: 4222655220366589}
  m_Layer: 0
  m_Name: Armature
  m_TagString: Untagged
  m_Icon: {fileID: 0}
  m_NavMeshLayer: 0
  m_StaticEditorFlags: 0
  m_IsActive: 1
--- !u!4 &4222655220366589
Transform:
  m_CorrespondingSourceObject: {fileID: 0}
  m_PrefabInstance: {fileID: 100100000}
  m_PrefabAsset: {fileID: 0}
  m_GameObject: {fileID: 1998802285361036}
  m_LocalRotation: {x: -0.7071068, y: 0, z: 0, w: 0.7071067}
  m_LocalPosition: {x: 0, y: 0, z: 0}
  m_LocalScale: {x: 100, y: 100, z: 100}
  m_Children:
  - {fileID: 4013812295594318}
  m_Father: {fileID: 4821037754053086}
  m_RootOrder: 0
  m_LocalEulerAnglesHint: {x: -90.00001, y: 0, z: 0}
--- !u!1 &1409811783723405
GameObject:
  m_CorrespondingSourceObject: {fileID: 0}
  m_PrefabInstance: {fileID: 100100000}
  m_PrefabAsset: {fileID: 0}
  serializedVersion: 5
  m_Component:
  - component: {fileID: 4013812295594318}
  m_Layer: 0
  m_Name: Hips
  m_TagString: Untagged
  m_Icon: {fileID: 0}
  m_NavMeshLayer: 0
  m_StaticEditorFlags: 0
  m_IsActive: 1
--- !u!4 &4013812295594318
Transform:
  m_CorrespondingSourceObject: {fileID: 0}
  m_PrefabInstance: {fileID: 100100000}
  m_PrefabAsset: {fileID: 0}
  m_GameObject: {fileID: 1409811783723405}
  m_LocalRotation: {x: 0.7071068, y: 0, z: 0, w: 0.7071067}
  m_LocalPosition: {x: 0, y: 7.026316E-05, z: 0.009579787}
  m_LocalScale: {x: 1, y: 1, z: 1}
  m_Children:
  - {fileID: 4093611239455863}
  - {fileID: 4867403819951748}
  - {fileID: 4163381385748460}
  m_Father: {fileID: 4222655220366589}
  m_RootOrder: 0
  m_LocalEulerAnglesHint: {x: 90.00001, y: 0, z: 0}
--- !u!1 &1174376765009167
GameObject:
  m_CorrespondingSourceObject: {fileID: 0}
  m_PrefabInstance: {fileID: 100100000}
  m_PrefabAsset: {fileID: 0}
  serializedVersion: 5
  m_Component:
  - component: {fileID: 4093611239455863}
  m_Layer: 0
  m_Name: LeftUpLeg
  m_TagString: Untagged
  m_Icon: {fileID: 0}
  m_NavMeshLayer: 0
  m_StaticEditorFlags: 0
  m_IsActive: 1
--- !u!4 &4093611239455863
Transform:
  m_CorrespondingSourceObject: {fileID: 0}
  m_PrefabInstance: {fileID: 100100000}
  m_PrefabAsset: {fileID: 0}
  m_GameObject: {fileID: 1174376765009167}
  m_LocalRotation: {x: 0.0002601492, y: -0.03361914, z: 0.9994042, w: 0.00780658}
  m_LocalPosition: {x: -0.001028195, y: 0.001144692, z: -5.299361E-05}
  m_LocalScale: {x: 1.000004, y: 1, z: 1.000067}
  m_Children:
  - {fileID: 4442591036394765}
  m_Father: {fileID: 4013812295594318}
  m_RootOrder: 0
  m_LocalEulerAnglesHint: {x: -3.852846, y: 0.05986776, z: -179.1069}
--- !u!1 &1593063185105392
GameObject:
  m_CorrespondingSourceObject: {fileID: 0}
  m_PrefabInstance: {fileID: 100100000}
  m_PrefabAsset: {fileID: 0}
  serializedVersion: 5
  m_Component:
  - component: {fileID: 4442591036394765}
  m_Layer: 0
  m_Name: LeftLeg
  m_TagString: Untagged
  m_Icon: {fileID: 0}
  m_NavMeshLayer: 0
  m_StaticEditorFlags: 0
  m_IsActive: 1
--- !u!4 &4442591036394765
Transform:
  m_CorrespondingSourceObject: {fileID: 0}
  m_PrefabInstance: {fileID: 100100000}
  m_PrefabAsset: {fileID: 0}
  m_GameObject: {fileID: 1593063185105392}
  m_LocalRotation: {x: -0.003857396, y: -2.066256E-05, z: 0.003137333, w: 0.9999877}
  m_LocalPosition: {x: -4.976755E-11, y: 0.004738677, z: -2.276693E-11}
  m_LocalScale: {x: 1, y: 1, z: 1}
  m_Children:
  - {fileID: 4291647946147961}
  m_Father: {fileID: 4093611239455863}
  m_RootOrder: 0
  m_LocalEulerAnglesHint: {x: -0.4420314, y: 0.0009809455, z: -0.3595189}
--- !u!1 &1472034864816787
GameObject:
  m_CorrespondingSourceObject: {fileID: 0}
  m_PrefabInstance: {fileID: 100100000}
  m_PrefabAsset: {fileID: 0}
  serializedVersion: 5
  m_Component:
  - component: {fileID: 4291647946147961}
  m_Layer: 0
  m_Name: LeftFoot
  m_TagString: Untagged
  m_Icon: {fileID: 0}
  m_NavMeshLayer: 0
  m_StaticEditorFlags: 0
  m_IsActive: 1
--- !u!4 &4291647946147961
Transform:
  m_CorrespondingSourceObject: {fileID: 0}
  m_PrefabInstance: {fileID: 100100000}
  m_PrefabAsset: {fileID: 0}
  m_GameObject: {fileID: 1472034864816787}
  m_LocalRotation: {x: 0.484922, y: -0.03238014, z: 0.01797062, w: 0.873773}
  m_LocalPosition: {x: 1.202716E-10, y: 0.004699663, z: 1.4958E-10}
  m_LocalScale: {x: 0.9999999, y: 1, z: 0.9999999}
  m_Children:
  - {fileID: 4128146016554669}
  m_Father: {fileID: 4442591036394765}
  m_RootOrder: 0
  m_LocalEulerAnglesHint: {x: 58.05833, y: 4.244598, z: -4.651112E-05}
--- !u!1 &1662558562768371
GameObject:
  m_CorrespondingSourceObject: {fileID: 0}
  m_PrefabInstance: {fileID: 100100000}
  m_PrefabAsset: {fileID: 0}
  serializedVersion: 5
  m_Component:
  - component: {fileID: 4128146016554669}
  m_Layer: 0
  m_Name: LeftToeBase
  m_TagString: Untagged
  m_Icon: {fileID: 0}
  m_NavMeshLayer: 0
  m_StaticEditorFlags: 0
  m_IsActive: 1
--- !u!4 &4128146016554669
Transform:
  m_CorrespondingSourceObject: {fileID: 0}
  m_PrefabInstance: {fileID: 100100000}
  m_PrefabAsset: {fileID: 0}
  m_GameObject: {fileID: 1662558562768371}
  m_LocalRotation: {x: 0.2955232, y: 0.1077301, z: -0.06653062, w: 0.9469076}
  m_LocalPosition: {x: 6.284608E-11, y: 0.002158782, z: -3.026798E-11}
  m_LocalScale: {x: 1, y: 1, z: 0.9999999}
  m_Children: []
  m_Father: {fileID: 4291647946147961}
  m_RootOrder: 0
  m_LocalEulerAnglesHint: {x: 34.21031, y: -14.08396, z: 3.684063}
--- !u!1 &1534931467097644
GameObject:
  m_CorrespondingSourceObject: {fileID: 0}
  m_PrefabInstance: {fileID: 100100000}
  m_PrefabAsset: {fileID: 0}
  serializedVersion: 5
  m_Component:
  - component: {fileID: 4867403819951748}
  m_Layer: 0
  m_Name: RightUpLeg
  m_TagString: Untagged
  m_Icon: {fileID: 0}
  m_NavMeshLayer: 0
  m_StaticEditorFlags: 0
  m_IsActive: 1
--- !u!4 &4867403819951748
Transform:
  m_CorrespondingSourceObject: {fileID: 0}
  m_PrefabInstance: {fileID: 100100000}
  m_PrefabAsset: {fileID: 0}
  m_GameObject: {fileID: 1534931467097644}
  m_LocalRotation: {x: -0.0002601492, y: -0.03361914, z: 0.9994042, w: -0.00780658}
  m_LocalPosition: {x: 0.001028195, y: 0.001144692, z: -5.299361E-05}
  m_LocalScale: {x: 1.000004, y: 1, z: 1.000067}
  m_Children:
  - {fileID: 4371028088981726}
  m_Father: {fileID: 4013812295594318}
  m_RootOrder: 1
  m_LocalEulerAnglesHint: {x: -3.852846, y: -0.05986776, z: 179.1069}
--- !u!1 &1956351433900210
GameObject:
  m_CorrespondingSourceObject: {fileID: 0}
  m_PrefabInstance: {fileID: 100100000}
  m_PrefabAsset: {fileID: 0}
  serializedVersion: 5
  m_Component:
  - component: {fileID: 4371028088981726}
  m_Layer: 0
  m_Name: RightLeg
  m_TagString: Untagged
  m_Icon: {fileID: 0}
  m_NavMeshLayer: 0
  m_StaticEditorFlags: 0
  m_IsActive: 1
--- !u!4 &4371028088981726
Transform:
  m_CorrespondingSourceObject: {fileID: 0}
  m_PrefabInstance: {fileID: 100100000}
  m_PrefabAsset: {fileID: 0}
  m_GameObject: {fileID: 1956351433900210}
  m_LocalRotation: {x: -0.003857396, y: 2.066256E-05, z: -0.003137333, w: 0.9999877}
  m_LocalPosition: {x: 4.976755E-11, y: 0.004738677, z: -2.276693E-11}
  m_LocalScale: {x: 1, y: 1, z: 1}
  m_Children:
  - {fileID: 4689634115978964}
  m_Father: {fileID: 4867403819951748}
  m_RootOrder: 0
  m_LocalEulerAnglesHint: {x: -0.4420314, y: -0.0009809455, z: 0.3595189}
--- !u!1 &1423600128565661
GameObject:
  m_CorrespondingSourceObject: {fileID: 0}
  m_PrefabInstance: {fileID: 100100000}
  m_PrefabAsset: {fileID: 0}
  serializedVersion: 5
  m_Component:
  - component: {fileID: 4689634115978964}
  m_Layer: 0
  m_Name: RightFoot
  m_TagString: Untagged
  m_Icon: {fileID: 0}
  m_NavMeshLayer: 0
  m_StaticEditorFlags: 0
  m_IsActive: 1
--- !u!4 &4689634115978964
Transform:
  m_CorrespondingSourceObject: {fileID: 0}
  m_PrefabInstance: {fileID: 100100000}
  m_PrefabAsset: {fileID: 0}
  m_GameObject: {fileID: 1423600128565661}
  m_LocalRotation: {x: 0.484922, y: 0.03238014, z: -0.01797062, w: 0.873773}
  m_LocalPosition: {x: -1.202716E-10, y: 0.004699663, z: 1.4958E-10}
  m_LocalScale: {x: 0.9999999, y: 1, z: 0.9999999}
  m_Children:
  - {fileID: 4572420267352857}
  m_Father: {fileID: 4371028088981726}
  m_RootOrder: 0
  m_LocalEulerAnglesHint: {x: 58.05833, y: -4.244598, z: 4.651112E-05}
--- !u!1 &1262489812217059
GameObject:
  m_CorrespondingSourceObject: {fileID: 0}
  m_PrefabInstance: {fileID: 100100000}
  m_PrefabAsset: {fileID: 0}
  serializedVersion: 5
  m_Component:
  - component: {fileID: 4572420267352857}
  m_Layer: 0
  m_Name: RightToeBase
  m_TagString: Untagged
  m_Icon: {fileID: 0}
  m_NavMeshLayer: 0
  m_StaticEditorFlags: 0
  m_IsActive: 1
--- !u!4 &4572420267352857
Transform:
  m_CorrespondingSourceObject: {fileID: 0}
  m_PrefabInstance: {fileID: 100100000}
  m_PrefabAsset: {fileID: 0}
  m_GameObject: {fileID: 1262489812217059}
  m_LocalRotation: {x: 0.2955232, y: -0.1077301, z: 0.06653062, w: 0.9469076}
  m_LocalPosition: {x: -6.284608E-11, y: 0.002158782, z: -3.026798E-11}
  m_LocalScale: {x: 1, y: 1, z: 0.9999999}
  m_Children: []
  m_Father: {fileID: 4689634115978964}
  m_RootOrder: 0
  m_LocalEulerAnglesHint: {x: 34.21031, y: 14.08396, z: -3.684063}
--- !u!1 &1532057171840299
GameObject:
  m_CorrespondingSourceObject: {fileID: 0}
  m_PrefabInstance: {fileID: 100100000}
  m_PrefabAsset: {fileID: 0}
  serializedVersion: 5
  m_Component:
  - component: {fileID: 4163381385748460}
  m_Layer: 0
  m_Name: Spine
  m_TagString: Untagged
  m_Icon: {fileID: 0}
  m_NavMeshLayer: 0
  m_StaticEditorFlags: 0
  m_IsActive: 1
--- !u!4 &4163381385748460
Transform:
  m_CorrespondingSourceObject: {fileID: 0}
  m_PrefabInstance: {fileID: 100100000}
  m_PrefabAsset: {fileID: 0}
  m_GameObject: {fileID: 1532057171840299}
  m_LocalRotation: {x: -0.03922647, y: 0, z: 0, w: 0.9992304}
  m_LocalPosition: {x: 0, y: 0.001202162, z: 1.598366E-12}
  m_LocalScale: {x: 1, y: 1, z: 1}
  m_Children:
  - {fileID: 4848635248719824}
  m_Father: {fileID: 4013812295594318}
  m_RootOrder: 2
  m_LocalEulerAnglesHint: {x: -4.496175, y: 0, z: 0}
--- !u!1 &1688650504380513
GameObject:
  m_CorrespondingSourceObject: {fileID: 0}
  m_PrefabInstance: {fileID: 100100000}
  m_PrefabAsset: {fileID: 0}
  serializedVersion: 5
  m_Component:
  - component: {fileID: 4848635248719824}
  m_Layer: 0
  m_Name: Spine1
  m_TagString: Untagged
  m_Icon: {fileID: 0}
  m_NavMeshLayer: 0
  m_StaticEditorFlags: 0
  m_IsActive: 1
--- !u!4 &4848635248719824
Transform:
  m_CorrespondingSourceObject: {fileID: 0}
  m_PrefabInstance: {fileID: 100100000}
  m_PrefabAsset: {fileID: 0}
  m_GameObject: {fileID: 1688650504380513}
  m_LocalRotation: {x: -0.01017069, y: 0, z: 0, w: 0.9999483}
  m_LocalPosition: {x: 0, y: 0.003014359, z: -3.72529E-11}
  m_LocalScale: {x: 1, y: 1, z: 1}
  m_Children:
  - {fileID: 4281692685574544}
  m_Father: {fileID: 4163381385748460}
  m_RootOrder: 0
  m_LocalEulerAnglesHint: {x: -1.165495, y: 0, z: 0}
--- !u!1 &1897926398442520
GameObject:
  m_CorrespondingSourceObject: {fileID: 0}
  m_PrefabInstance: {fileID: 100100000}
  m_PrefabAsset: {fileID: 0}
  serializedVersion: 5
  m_Component:
  - component: {fileID: 4281692685574544}
  m_Layer: 0
  m_Name: Spine2
  m_TagString: Untagged
  m_Icon: {fileID: 0}
  m_NavMeshLayer: 0
  m_StaticEditorFlags: 0
  m_IsActive: 1
--- !u!4 &4281692685574544
Transform:
  m_CorrespondingSourceObject: {fileID: 0}
  m_PrefabInstance: {fileID: 100100000}
  m_PrefabAsset: {fileID: 0}
  m_GameObject: {fileID: 1897926398442520}
  m_LocalRotation: {x: -7.450581E-09, y: 0, z: 0, w: 1}
  m_LocalPosition: {x: 0, y: 0.001508224, z: 3.72529E-11}
  m_LocalScale: {x: 1, y: 1, z: 1}
  m_Children:
  - {fileID: 4672421595344069}
  - {fileID: 4463317870233548}
  - {fileID: 4908655788156573}
  m_Father: {fileID: 4848635248719824}
  m_RootOrder: 0
  m_LocalEulerAnglesHint: {x: -8.537737E-07, y: 0, z: 0}
--- !u!1 &1736078844802632
GameObject:
  m_CorrespondingSourceObject: {fileID: 0}
  m_PrefabInstance: {fileID: 100100000}
  m_PrefabAsset: {fileID: 0}
  serializedVersion: 5
  m_Component:
  - component: {fileID: 4672421595344069}
  m_Layer: 0
  m_Name: LeftShoulder
  m_TagString: Untagged
  m_Icon: {fileID: 0}
  m_NavMeshLayer: 0
  m_StaticEditorFlags: 0
  m_IsActive: 1
--- !u!4 &4672421595344069
Transform:
  m_CorrespondingSourceObject: {fileID: 0}
  m_PrefabInstance: {fileID: 100100000}
  m_PrefabAsset: {fileID: 0}
  m_GameObject: {fileID: 1736078844802632}
  m_LocalRotation: {x: 0.564289, y: -0.4188665, z: 0.5860068, w: 0.4033918}
  m_LocalPosition: {x: -0.0007651657, y: 0.001433652, z: -2.895359E-05}
  m_LocalScale: {x: 0.9999998, y: 0.9999999, z: 1}
  m_Children:
  - {fileID: 4208621744279563}
  m_Father: {fileID: 4281692685574544}
  m_RootOrder: 0
  m_LocalEulerAnglesHint: {x: -71.02925, y: 87.83909, z: -179.9131}
--- !u!1 &1662176012891661
GameObject:
  m_CorrespondingSourceObject: {fileID: 0}
  m_PrefabInstance: {fileID: 100100000}
  m_PrefabAsset: {fileID: 0}
  serializedVersion: 5
  m_Component:
  - component: {fileID: 4208621744279563}
  m_Layer: 0
  m_Name: LeftArm
  m_TagString: Untagged
  m_Icon: {fileID: 0}
  m_NavMeshLayer: 0
  m_StaticEditorFlags: 0
  m_IsActive: 1
--- !u!4 &4208621744279563
Transform:
  m_CorrespondingSourceObject: {fileID: 0}
  m_PrefabInstance: {fileID: 100100000}
  m_PrefabAsset: {fileID: 0}
  m_GameObject: {fileID: 1662176012891661}
  m_LocalRotation: {x: 0.3363049, y: -0.04737151, z: 0.0169408, w: 0.9404084}
  m_LocalPosition: {x: -8.381903E-11, y: 0.001607736, z: 6.00703E-10}
  m_LocalScale: {x: 1, y: 0.9999999, z: 0.9999999}
  m_Children:
  - {fileID: 4616755446536681}
  m_Father: {fileID: 4672421595344069}
  m_RootOrder: 0
  m_LocalEulerAnglesHint: {x: 39.35571, y: 5.767484, z: 5.664288E-07}
--- !u!1 &1562668046262812
GameObject:
  m_CorrespondingSourceObject: {fileID: 0}
  m_PrefabInstance: {fileID: 100100000}
  m_PrefabAsset: {fileID: 0}
  serializedVersion: 5
  m_Component:
  - component: {fileID: 4616755446536681}
  m_Layer: 0
  m_Name: LeftForeArm
  m_TagString: Untagged
  m_Icon: {fileID: 0}
  m_NavMeshLayer: 0
  m_StaticEditorFlags: 0
  m_IsActive: 1
--- !u!4 &4616755446536681
Transform:
  m_CorrespondingSourceObject: {fileID: 0}
  m_PrefabInstance: {fileID: 100100000}
  m_PrefabAsset: {fileID: 0}
  m_GameObject: {fileID: 1562668046262812}
  m_LocalRotation: {x: -0.006960675, y: 2.944178E-05, z: -0.004249124, w: 0.9999667}
  m_LocalPosition: {x: -5.587935E-11, y: 0.00334694, z: 6.248592E-10}
  m_LocalScale: {x: 1, y: 0.9999999, z: 0.9999999}
  m_Children:
  - {fileID: 4923387999951827}
  m_Father: {fileID: 4208621744279563}
  m_RootOrder: 0
  m_LocalEulerAnglesHint: {x: -0.7976481, y: 1.558114E-05, z: 0.4869269}
--- !u!1 &1445114246442377
GameObject:
  m_CorrespondingSourceObject: {fileID: 0}
  m_PrefabInstance: {fileID: 100100000}
  m_PrefabAsset: {fileID: 0}
  serializedVersion: 5
  m_Component:
  - component: {fileID: 4923387999951827}
  m_Layer: 0
  m_Name: LeftHand
  m_TagString: Untagged
  m_Icon: {fileID: 0}
  m_NavMeshLayer: 0
  m_StaticEditorFlags: 0
  m_IsActive: 1
--- !u!4 &4923387999951827
Transform:
  m_CorrespondingSourceObject: {fileID: 0}
  m_PrefabInstance: {fileID: 100100000}
  m_PrefabAsset: {fileID: 0}
  m_GameObject: {fileID: 1445114246442377}
  m_LocalRotation: {x: -0.06455994, y: 0.02832363, z: 0.01262294, w: 0.9974319}
  m_LocalPosition: {x: -8.440111E-12, y: 0.002737132, z: 1.161243E-10}
  m_LocalScale: {x: 1, y: 1, z: 0.9999999}
  m_Children:
  - {fileID: 4815148586824365}
  - {fileID: 4428485933710636}
  - {fileID: 4725482029321376}
  - {fileID: 4052079478348939}
  - {fileID: 4876226299958794}
  m_Father: {fileID: 4616755446536681}
  m_RootOrder: 0
  m_LocalEulerAnglesHint: {x: -7.3708, y: -3.332578, z: -1.235414}
--- !u!1 &1657251232051140
GameObject:
  m_CorrespondingSourceObject: {fileID: 0}
  m_PrefabInstance: {fileID: 100100000}
  m_PrefabAsset: {fileID: 0}
  serializedVersion: 5
  m_Component:
  - component: {fileID: 4815148586824365}
  m_Layer: 0
  m_Name: LeftHandIndex1
  m_TagString: Untagged
  m_Icon: {fileID: 0}
  m_NavMeshLayer: 0
  m_StaticEditorFlags: 0
  m_IsActive: 1
--- !u!4 &4815148586824365
Transform:
  m_CorrespondingSourceObject: {fileID: 0}
  m_PrefabInstance: {fileID: 100100000}
  m_PrefabAsset: {fileID: 0}
  m_GameObject: {fileID: 1657251232051140}
  m_LocalRotation: {x: 0.0328282, y: -0.001456528, z: -0.1097009, w: 0.9934213}
  m_LocalPosition: {x: 0.0003959242, y: 0.001110128, z: -4.872219E-05}
  m_LocalScale: {x: 0.9999999, y: 0.9999999, z: 1}
  m_Children:
  - {fileID: 4029954164559528}
  m_Father: {fileID: 4923387999951827}
  m_RootOrder: 0
  m_LocalEulerAnglesHint: {x: 3.758126, y: -0.2468698, z: 12.59489}
--- !u!1 &1530774207351305
GameObject:
  m_CorrespondingSourceObject: {fileID: 0}
  m_PrefabInstance: {fileID: 100100000}
  m_PrefabAsset: {fileID: 0}
  serializedVersion: 5
  m_Component:
  - component: {fileID: 4029954164559528}
  m_Layer: 0
  m_Name: LeftHandIndex2
  m_TagString: Untagged
  m_Icon: {fileID: 0}
  m_NavMeshLayer: 0
  m_StaticEditorFlags: 0
  m_IsActive: 1
--- !u!4 &4029954164559528
Transform:
  m_CorrespondingSourceObject: {fileID: 0}
  m_PrefabInstance: {fileID: 100100000}
  m_PrefabAsset: {fileID: 0}
  m_GameObject: {fileID: 1530774207351305}
  m_LocalRotation: {x: 0.068848, y: 0.06095866, z: 0.01544265, w: 0.9956433}
  m_LocalPosition: {x: -9.313226E-12, y: 0.0005313428, z: 4.976755E-10}
  m_LocalScale: {x: 0.9999999, y: 1, z: 1}
  m_Children:
  - {fileID: 4106322617327292}
  m_Father: {fileID: 4815148586824365}
  m_RootOrder: 0
  m_LocalEulerAnglesHint: {x: 8.046563, y: -6.849383, z: -2.259522}
--- !u!1 &1811841137535786
GameObject:
  m_CorrespondingSourceObject: {fileID: 0}
  m_PrefabInstance: {fileID: 100100000}
  m_PrefabAsset: {fileID: 0}
  serializedVersion: 5
  m_Component:
  - component: {fileID: 4106322617327292}
  m_Layer: 0
  m_Name: LeftHandIndex3
  m_TagString: Untagged
  m_Icon: {fileID: 0}
  m_NavMeshLayer: 0
  m_StaticEditorFlags: 0
  m_IsActive: 1
--- !u!4 &4106322617327292
Transform:
  m_CorrespondingSourceObject: {fileID: 0}
  m_PrefabInstance: {fileID: 100100000}
  m_PrefabAsset: {fileID: 0}
  m_GameObject: {fileID: 1811841137535786}
  m_LocalRotation: {x: 0.004823898, y: -0.0565337, z: 0.005756807, w: 0.9983725}
  m_LocalPosition: {x: -1.396984E-10, y: 0.0003363435, z: 2.095476E-10}
  m_LocalScale: {x: 1, y: 0.9999999, z: 0.9999999}
  m_Children: []
  m_Father: {fileID: 4029954164559528}
  m_RootOrder: 0
  m_LocalEulerAnglesHint: {x: 0.5179047, y: 6.484758, z: -0.6314096}
--- !u!1 &1360809701874671
GameObject:
  m_CorrespondingSourceObject: {fileID: 0}
  m_PrefabInstance: {fileID: 100100000}
  m_PrefabAsset: {fileID: 0}
  serializedVersion: 5
  m_Component:
  - component: {fileID: 4428485933710636}
  m_Layer: 0
  m_Name: LeftHandMiddle1
  m_TagString: Untagged
  m_Icon: {fileID: 0}
  m_NavMeshLayer: 0
  m_StaticEditorFlags: 0
  m_IsActive: 1
--- !u!4 &4428485933710636
Transform:
  m_CorrespondingSourceObject: {fileID: 0}
  m_PrefabInstance: {fileID: 100100000}
  m_PrefabAsset: {fileID: 0}
  m_GameObject: {fileID: 1360809701874671}
  m_LocalRotation: {x: -0.02467053, y: -0.001062267, z: -0.06158492, w: 0.9977964}
  m_LocalPosition: {x: 0.0001167139, y: 0.001193551, z: -4.549058E-05}
  m_LocalScale: {x: 1, y: 0.9999999, z: 1}
  m_Children:
  - {fileID: 4684869239126300}
  m_Father: {fileID: 4923387999951827}
  m_RootOrder: 1
  m_LocalEulerAnglesHint: {x: -2.814477, y: 0.2955625, z: 7.056476}
--- !u!1 &1958819533355450
GameObject:
  m_CorrespondingSourceObject: {fileID: 0}
  m_PrefabInstance: {fileID: 100100000}
  m_PrefabAsset: {fileID: 0}
  serializedVersion: 5
  m_Component:
  - component: {fileID: 4684869239126300}
  m_Layer: 0
  m_Name: LeftHandMiddle2
  m_TagString: Untagged
  m_Icon: {fileID: 0}
  m_NavMeshLayer: 0
  m_StaticEditorFlags: 0
  m_IsActive: 1
--- !u!4 &4684869239126300
Transform:
  m_CorrespondingSourceObject: {fileID: 0}
  m_PrefabInstance: {fileID: 100100000}
  m_PrefabAsset: {fileID: 0}
  m_GameObject: {fileID: 1958819533355450}
  m_LocalRotation: {x: 0.1344711, y: 0.002788169, z: 0.0007806163, w: 0.9909133}
  m_LocalPosition: {x: 5.587935E-11, y: 0.0005321104, z: 4.703179E-10}
  m_LocalScale: {x: 0.9999999, y: 0.9999999, z: 1}
  m_Children:
  - {fileID: 4458943026090681}
  m_Father: {fileID: 4428485933710636}
  m_RootOrder: 0
  m_LocalEulerAnglesHint: {x: 15.45649, y: -0.3045701, z: -0.1316048}
--- !u!1 &1244025759624043
GameObject:
  m_CorrespondingSourceObject: {fileID: 0}
  m_PrefabInstance: {fileID: 100100000}
  m_PrefabAsset: {fileID: 0}
  serializedVersion: 5
  m_Component:
  - component: {fileID: 4458943026090681}
  m_Layer: 0
  m_Name: LeftHandMiddle3
  m_TagString: Untagged
  m_Icon: {fileID: 0}
  m_NavMeshLayer: 0
  m_StaticEditorFlags: 0
  m_IsActive: 1
--- !u!4 &4458943026090681
Transform:
  m_CorrespondingSourceObject: {fileID: 0}
  m_PrefabInstance: {fileID: 100100000}
  m_PrefabAsset: {fileID: 0}
  m_GameObject: {fileID: 1244025759624043}
  m_LocalRotation: {x: 0.0108704, y: 0.00647989, z: 0.005190652, w: 0.9999065}
  m_LocalPosition: {x: 6.519258E-11, y: 0.0003608368, z: 3.981404E-10}
  m_LocalScale: {x: 0.9999998, y: 0.9999999, z: 1}
  m_Children: []
  m_Father: {fileID: 4684869239126300}
  m_RootOrder: 0
  m_LocalEulerAnglesHint: {x: 1.249596, y: -0.7360258, z: -0.6028818}
--- !u!1 &1058212195542383
GameObject:
  m_CorrespondingSourceObject: {fileID: 0}
  m_PrefabInstance: {fileID: 100100000}
  m_PrefabAsset: {fileID: 0}
  serializedVersion: 5
  m_Component:
  - component: {fileID: 4725482029321376}
  m_Layer: 0
  m_Name: LeftHandPinky1
  m_TagString: Untagged
  m_Icon: {fileID: 0}
  m_NavMeshLayer: 0
  m_StaticEditorFlags: 0
  m_IsActive: 1
--- !u!4 &4725482029321376
Transform:
  m_CorrespondingSourceObject: {fileID: 0}
  m_PrefabInstance: {fileID: 100100000}
  m_PrefabAsset: {fileID: 0}
  m_GameObject: {fileID: 1058212195542383}
  m_LocalRotation: {x: 0.04452915, y: 0.006246476, z: 0.06025362, w: 0.9971699}
  m_LocalPosition: {x: -0.0004848002, y: 0.001125915, z: -7.299225E-05}
  m_LocalScale: {x: 1, y: 1, z: 0.9999999}
  m_Children:
  - {fileID: 4384131565864524}
  m_Father: {fileID: 4923387999951827}
  m_RootOrder: 2
  m_LocalEulerAnglesHint: {x: 5.138366, y: -0.406317, z: -6.933977}
--- !u!1 &1196527315601821
GameObject:
  m_CorrespondingSourceObject: {fileID: 0}
  m_PrefabInstance: {fileID: 100100000}
  m_PrefabAsset: {fileID: 0}
  serializedVersion: 5
  m_Component:
  - component: {fileID: 4384131565864524}
  m_Layer: 0
  m_Name: LeftHandPinky2
  m_TagString: Untagged
  m_Icon: {fileID: 0}
  m_NavMeshLayer: 0
  m_StaticEditorFlags: 0
  m_IsActive: 1
--- !u!4 &4384131565864524
Transform:
  m_CorrespondingSourceObject: {fileID: 0}
  m_PrefabInstance: {fileID: 100100000}
  m_PrefabAsset: {fileID: 0}
  m_GameObject: {fileID: 1196527315601821}
  m_LocalRotation: {x: 0.0658683, y: 0.008357832, z: -0.05048659, w: 0.9965153}
  m_LocalPosition: {x: 0, y: 0.0003962574, z: 1.862645E-10}
  m_LocalScale: {x: 0.9999999, y: 0.9999999, z: 0.9999999}
  m_Children:
  - {fileID: 4888417295872473}
  m_Father: {fileID: 4725482029321376}
  m_RootOrder: 0
  m_LocalEulerAnglesHint: {x: 7.496697, y: -1.335591, z: 5.713103}
--- !u!1 &1727991852659550
GameObject:
  m_CorrespondingSourceObject: {fileID: 0}
  m_PrefabInstance: {fileID: 100100000}
  m_PrefabAsset: {fileID: 0}
  serializedVersion: 5
  m_Component:
  - component: {fileID: 4888417295872473}
  m_Layer: 0
  m_Name: LeftHandPinky3
  m_TagString: Untagged
  m_Icon: {fileID: 0}
  m_NavMeshLayer: 0
  m_StaticEditorFlags: 0
  m_IsActive: 1
--- !u!4 &4888417295872473
Transform:
  m_CorrespondingSourceObject: {fileID: 0}
  m_PrefabInstance: {fileID: 100100000}
  m_PrefabAsset: {fileID: 0}
  m_GameObject: {fileID: 1727991852659550}
  m_LocalRotation: {x: 0.01700366, y: 0.001337228, z: 0.0602625, w: 0.9980369}
  m_LocalPosition: {x: 5.587935E-11, y: 0.000244516, z: 8.009374E-10}
  m_LocalScale: {x: 1, y: 1, z: 1}
  m_Children: []
  m_Father: {fileID: 4384131565864524}
  m_RootOrder: 0
  m_LocalEulerAnglesHint: {x: 1.954264, y: -0.03551422, z: -6.911372}
--- !u!1 &1768505291767516
GameObject:
  m_CorrespondingSourceObject: {fileID: 0}
  m_PrefabInstance: {fileID: 100100000}
  m_PrefabAsset: {fileID: 0}
  serializedVersion: 5
  m_Component:
  - component: {fileID: 4052079478348939}
  m_Layer: 0
  m_Name: LeftHandRing1
  m_TagString: Untagged
  m_Icon: {fileID: 0}
  m_NavMeshLayer: 0
  m_StaticEditorFlags: 0
  m_IsActive: 1
--- !u!4 &4052079478348939
Transform:
  m_CorrespondingSourceObject: {fileID: 0}
  m_PrefabInstance: {fileID: 100100000}
  m_PrefabAsset: {fileID: 0}
  m_GameObject: {fileID: 1768505291767516}
  m_LocalRotation: {x: -0.02009922, y: 0.0002687894, z: -0.01645699, w: 0.9996625}
  m_LocalPosition: {x: -0.0001754799, y: 0.0012459, z: -3.304211E-05}
  m_LocalScale: {x: 1, y: 0.9999999, z: 0.9999999}
  m_Children:
  - {fileID: 4917390019257887}
  m_Father: {fileID: 4923387999951827}
  m_RootOrder: 3
  m_LocalEulerAnglesHint: {x: -2.303552, y: 0.007113159, z: 1.886155}
--- !u!1 &1448754173162812
GameObject:
  m_CorrespondingSourceObject: {fileID: 0}
  m_PrefabInstance: {fileID: 100100000}
  m_PrefabAsset: {fileID: 0}
  serializedVersion: 5
  m_Component:
  - component: {fileID: 4917390019257887}
  m_Layer: 0
  m_Name: LeftHandRing2
  m_TagString: Untagged
  m_Icon: {fileID: 0}
  m_NavMeshLayer: 0
  m_StaticEditorFlags: 0
  m_IsActive: 1
--- !u!4 &4917390019257887
Transform:
  m_CorrespondingSourceObject: {fileID: 0}
  m_PrefabInstance: {fileID: 100100000}
  m_PrefabAsset: {fileID: 0}
  m_GameObject: {fileID: 1448754173162812}
  m_LocalRotation: {x: 0.1263431, y: -0.006201714, z: 0.008348563, w: 0.9919321}
  m_LocalPosition: {x: 3.259629E-11, y: 0.0004996673, z: 7.916242E-10}
  m_LocalScale: {x: 0.9999999, y: 0.9999999, z: 0.9999998}
  m_Children:
  - {fileID: 4739477573776535}
  m_Father: {fileID: 4052079478348939}
  m_RootOrder: 0
  m_LocalEulerAnglesHint: {x: 14.51124, y: 0.8258284, z: -0.8592904}
--- !u!1 &1388440443248214
GameObject:
  m_CorrespondingSourceObject: {fileID: 0}
  m_PrefabInstance: {fileID: 100100000}
  m_PrefabAsset: {fileID: 0}
  serializedVersion: 5
  m_Component:
  - component: {fileID: 4739477573776535}
  m_Layer: 0
  m_Name: LeftHandRing3
  m_TagString: Untagged
  m_Icon: {fileID: 0}
  m_NavMeshLayer: 0
  m_StaticEditorFlags: 0
  m_IsActive: 1
--- !u!4 &4739477573776535
Transform:
  m_CorrespondingSourceObject: {fileID: 0}
  m_PrefabInstance: {fileID: 100100000}
  m_PrefabAsset: {fileID: 0}
  m_GameObject: {fileID: 1388440443248214}
  m_LocalRotation: {x: 0.0702593, y: 0.003492803, z: -0.006474868, w: 0.9975016}
  m_LocalPosition: {x: 1.862645E-11, y: 0.0003218372, z: 1.052395E-09}
  m_LocalScale: {x: 1, y: 1, z: 1}
  m_Children: []
  m_Father: {fileID: 4917390019257887}
  m_RootOrder: 0
  m_LocalEulerAnglesHint: {x: 8.055174, y: -0.4513804, z: 0.712031}
--- !u!1 &1804047434730240
GameObject:
  m_CorrespondingSourceObject: {fileID: 0}
  m_PrefabInstance: {fileID: 100100000}
  m_PrefabAsset: {fileID: 0}
  serializedVersion: 5
  m_Component:
  - component: {fileID: 4876226299958794}
  m_Layer: 0
  m_Name: LeftHandThumb1
  m_TagString: Untagged
  m_Icon: {fileID: 0}
  m_NavMeshLayer: 0
  m_StaticEditorFlags: 0
  m_IsActive: 1
--- !u!4 &4876226299958794
Transform:
  m_CorrespondingSourceObject: {fileID: 0}
  m_PrefabInstance: {fileID: 100100000}
  m_PrefabAsset: {fileID: 0}
  m_GameObject: {fileID: 1804047434730240}
  m_LocalRotation: {x: 0.07079149, y: -0.01780455, z: -0.3140002, w: 0.9466126}
  m_LocalPosition: {x: 0.0004962923, y: 0.000414949, z: 0.0001519249}
  m_LocalScale: {x: 1, y: 1, z: 1}
  m_Children:
  - {fileID: 4370258988177437}
  m_Father: {fileID: 4923387999951827}
  m_RootOrder: 4
  m_LocalEulerAnglesHint: {x: 8.349666, y: -0.6158877, z: 36.65737}
--- !u!1 &1593356032198893
GameObject:
  m_CorrespondingSourceObject: {fileID: 0}
  m_PrefabInstance: {fileID: 100100000}
  m_PrefabAsset: {fileID: 0}
  serializedVersion: 5
  m_Component:
  - component: {fileID: 4370258988177437}
  m_Layer: 0
  m_Name: LeftHandThumb2
  m_TagString: Untagged
  m_Icon: {fileID: 0}
  m_NavMeshLayer: 0
  m_StaticEditorFlags: 0
  m_IsActive: 1
--- !u!4 &4370258988177437
Transform:
  m_CorrespondingSourceObject: {fileID: 0}
  m_PrefabInstance: {fileID: 100100000}
  m_PrefabAsset: {fileID: 0}
  m_GameObject: {fileID: 1593356032198893}
  m_LocalRotation: {x: -0.05537032, y: 0.1904618, z: 0.1333903, w: 0.9710127}
  m_LocalPosition: {x: 1.490116E-10, y: 0.0005678562, z: 5.972106E-10}
  m_LocalScale: {x: 0.9999999, y: 1, z: 0.9999999}
  m_Children:
  - {fileID: 4776881410669288}
  m_Father: {fileID: 4876226299958794}
  m_RootOrder: 0
  m_LocalEulerAnglesHint: {x: -3.522855, y: -22.62222, z: -14.93893}
--- !u!1 &1322128415697800
GameObject:
  m_CorrespondingSourceObject: {fileID: 0}
  m_PrefabInstance: {fileID: 100100000}
  m_PrefabAsset: {fileID: 0}
  serializedVersion: 5
  m_Component:
  - component: {fileID: 4776881410669288}
  m_Layer: 0
  m_Name: LeftHandThumb3
  m_TagString: Untagged
  m_Icon: {fileID: 0}
  m_NavMeshLayer: 0
  m_StaticEditorFlags: 0
  m_IsActive: 1
--- !u!4 &4776881410669288
Transform:
  m_CorrespondingSourceObject: {fileID: 0}
  m_PrefabInstance: {fileID: 100100000}
  m_PrefabAsset: {fileID: 0}
  m_GameObject: {fileID: 1322128415697800}
  m_LocalRotation: {x: 0.05808686, y: -0.2374264, z: 0.09560586, w: 0.9649426}
  m_LocalPosition: {x: 2.980232E-10, y: 0.0004628993, z: 1.071021E-09}
  m_LocalScale: {x: 0.9999999, y: 1, z: 0.9999999}
  m_Children: []
  m_Father: {fileID: 4370258988177437}
  m_RootOrder: 0
  m_LocalEulerAnglesHint: {x: 4.33212, y: 27.98969, z: -10.23653}
--- !u!1 &1332115540573217
GameObject:
  m_CorrespondingSourceObject: {fileID: 0}
  m_PrefabInstance: {fileID: 100100000}
  m_PrefabAsset: {fileID: 0}
  serializedVersion: 5
  m_Component:
  - component: {fileID: 4463317870233548}
  m_Layer: 0
  m_Name: Neck
  m_TagString: Untagged
  m_Icon: {fileID: 0}
  m_NavMeshLayer: 0
  m_StaticEditorFlags: 0
  m_IsActive: 1
--- !u!4 &4463317870233548
Transform:
  m_CorrespondingSourceObject: {fileID: 0}
  m_PrefabInstance: {fileID: 100100000}
  m_PrefabAsset: {fileID: 0}
  m_GameObject: {fileID: 1332115540573217}
  m_LocalRotation: {x: 0.3464198, y: -0.008183272, z: 0.02607788, w: 0.9376814}
  m_LocalPosition: {x: 0, y: 0.001648936, z: 1.490116E-10}
  m_LocalScale: {x: 1, y: 1, z: 1}
  m_Children:
  - {fileID: 4949435843794036}
  m_Father: {fileID: 4281692685574544}
  m_RootOrder: 1
  m_LocalEulerAnglesHint: {x: 40.51135, y: 1.91486, z: -2.479386}
--- !u!1 &1058291273659687
GameObject:
  m_CorrespondingSourceObject: {fileID: 0}
  m_PrefabInstance: {fileID: 100100000}
  m_PrefabAsset: {fileID: 0}
  serializedVersion: 5
  m_Component:
  - component: {fileID: 4949435843794036}
  m_Layer: 0
  m_Name: Head
  m_TagString: Untagged
  m_Icon: {fileID: 0}
  m_NavMeshLayer: 0
  m_StaticEditorFlags: 0
  m_IsActive: 1
--- !u!4 &4949435843794036
Transform:
  m_CorrespondingSourceObject: {fileID: 0}
  m_PrefabInstance: {fileID: 100100000}
  m_PrefabAsset: {fileID: 0}
  m_GameObject: {fileID: 1058291273659687}
  m_LocalRotation: {x: -0.05980508, y: 0.7036073, z: -0.09838303, w: 0.7011996}
  m_LocalPosition: {x: 9.080395E-11, y: 0.0007881559, z: 6.612572E-10}
  m_LocalScale: {x: 0.9999998, y: 0.9999997, z: 0.9999998}
  m_Children:
  - {fileID: 4902288690691812}
  m_Father: {fileID: 4463317870233548}
  m_RootOrder: 0
  m_LocalEulerAnglesHint: {x: -89.29899, y: -77.15388, z: 92.44504}
--- !u!1 &1007120884400503
GameObject:
  m_CorrespondingSourceObject: {fileID: 0}
  m_PrefabInstance: {fileID: 100100000}
  m_PrefabAsset: {fileID: 0}
  serializedVersion: 5
  m_Component:
  - component: {fileID: 4902288690691812}
  m_Layer: 0
  m_Name: Jaw
  m_TagString: Untagged
  m_Icon: {fileID: 0}
  m_NavMeshLayer: 0
  m_StaticEditorFlags: 0
  m_IsActive: 1
--- !u!4 &4902288690691812
Transform:
  m_CorrespondingSourceObject: {fileID: 0}
  m_PrefabInstance: {fileID: 100100000}
  m_PrefabAsset: {fileID: 0}
  m_GameObject: {fileID: 1007120884400503}
  m_LocalRotation: {x: 0.5269498, y: -0.4715124, z: 0.5269492, w: 0.471513}
  m_LocalPosition: {x: -0.0005369454, y: 0.0006834973, z: -5.525688E-10}
  m_LocalScale: {x: 1, y: 1, z: 1}
  m_Children: []
  m_Father: {fileID: 4949435843794036}
  m_RootOrder: 0
  m_LocalEulerAnglesHint: {x: 96.35585, y: 89.99993, z: 0}
--- !u!1 &1616887926632544
GameObject:
  m_CorrespondingSourceObject: {fileID: 0}
  m_PrefabInstance: {fileID: 100100000}
  m_PrefabAsset: {fileID: 0}
  serializedVersion: 5
  m_Component:
  - component: {fileID: 4908655788156573}
  m_Layer: 0
  m_Name: RightShoulder
  m_TagString: Untagged
  m_Icon: {fileID: 0}
  m_NavMeshLayer: 0
  m_StaticEditorFlags: 0
  m_IsActive: 1
--- !u!4 &4908655788156573
Transform:
  m_CorrespondingSourceObject: {fileID: 0}
  m_PrefabInstance: {fileID: 100100000}
  m_PrefabAsset: {fileID: 0}
  m_GameObject: {fileID: 1616887926632544}
  m_LocalRotation: {x: -0.564289, y: -0.4188665, z: 0.5860068, w: -0.4033918}
  m_LocalPosition: {x: 0.0007651657, y: 0.001433652, z: -2.895359E-05}
  m_LocalScale: {x: 0.9999998, y: 0.9999999, z: 1}
  m_Children:
  - {fileID: 4639436023680424}
  m_Father: {fileID: 4281692685574544}
  m_RootOrder: 2
  m_LocalEulerAnglesHint: {x: -71.02925, y: -87.83909, z: 179.9131}
--- !u!1 &1771032631200086
GameObject:
  m_CorrespondingSourceObject: {fileID: 0}
  m_PrefabInstance: {fileID: 100100000}
  m_PrefabAsset: {fileID: 0}
  serializedVersion: 5
  m_Component:
  - component: {fileID: 4639436023680424}
  m_Layer: 0
  m_Name: RightArm
  m_TagString: Untagged
  m_Icon: {fileID: 0}
  m_NavMeshLayer: 0
  m_StaticEditorFlags: 0
  m_IsActive: 1
--- !u!4 &4639436023680424
Transform:
  m_CorrespondingSourceObject: {fileID: 0}
  m_PrefabInstance: {fileID: 100100000}
  m_PrefabAsset: {fileID: 0}
  m_GameObject: {fileID: 1771032631200086}
  m_LocalRotation: {x: 0.3363049, y: 0.04737151, z: -0.0169408, w: 0.9404084}
  m_LocalPosition: {x: 8.381903E-11, y: 0.001607736, z: 6.00703E-10}
  m_LocalScale: {x: 1, y: 0.9999999, z: 0.9999999}
  m_Children:
  - {fileID: 4790276503875832}
  m_Father: {fileID: 4908655788156573}
  m_RootOrder: 0
  m_LocalEulerAnglesHint: {x: 39.35571, y: -5.767484, z: -5.664288E-07}
--- !u!1 &1218633920083662
GameObject:
  m_CorrespondingSourceObject: {fileID: 0}
  m_PrefabInstance: {fileID: 100100000}
  m_PrefabAsset: {fileID: 0}
  serializedVersion: 5
  m_Component:
  - component: {fileID: 4790276503875832}
  m_Layer: 0
  m_Name: RightForeArm
  m_TagString: Untagged
  m_Icon: {fileID: 0}
  m_NavMeshLayer: 0
  m_StaticEditorFlags: 0
  m_IsActive: 1
--- !u!4 &4790276503875832
Transform:
  m_CorrespondingSourceObject: {fileID: 0}
  m_PrefabInstance: {fileID: 100100000}
  m_PrefabAsset: {fileID: 0}
  m_GameObject: {fileID: 1218633920083662}
  m_LocalRotation: {x: -0.006960675, y: -2.944178E-05, z: 0.004249124, w: 0.9999667}
  m_LocalPosition: {x: 5.587935E-11, y: 0.00334694, z: 6.248592E-10}
  m_LocalScale: {x: 1, y: 0.9999999, z: 0.9999999}
  m_Children:
  - {fileID: 4635811743079146}
  m_Father: {fileID: 4639436023680424}
  m_RootOrder: 0
  m_LocalEulerAnglesHint: {x: -0.7976481, y: -1.558114E-05, z: -0.4869269}
--- !u!1 &1968722777704106
GameObject:
  m_CorrespondingSourceObject: {fileID: 0}
  m_PrefabInstance: {fileID: 100100000}
  m_PrefabAsset: {fileID: 0}
  serializedVersion: 5
  m_Component:
  - component: {fileID: 4635811743079146}
  m_Layer: 0
  m_Name: RightHand
  m_TagString: Untagged
  m_Icon: {fileID: 0}
  m_NavMeshLayer: 0
  m_StaticEditorFlags: 0
  m_IsActive: 1
--- !u!4 &4635811743079146
Transform:
  m_CorrespondingSourceObject: {fileID: 0}
  m_PrefabInstance: {fileID: 100100000}
  m_PrefabAsset: {fileID: 0}
  m_GameObject: {fileID: 1968722777704106}
  m_LocalRotation: {x: -0.06455994, y: -0.02832363, z: -0.01262294, w: 0.9974319}
  m_LocalPosition: {x: 8.440111E-12, y: 0.002737132, z: 1.161243E-10}
  m_LocalScale: {x: 1, y: 1, z: 0.9999999}
  m_Children:
  - {fileID: 4918519082395858}
  - {fileID: 4496962678550537}
  - {fileID: 4670668782325668}
  - {fileID: 4017352626581572}
  - {fileID: 4159940788598018}
  m_Father: {fileID: 4790276503875832}
  m_RootOrder: 0
  m_LocalEulerAnglesHint: {x: -7.3708, y: 3.332578, z: 1.235414}
--- !u!1 &1396844093519003
GameObject:
  m_CorrespondingSourceObject: {fileID: 0}
  m_PrefabInstance: {fileID: 100100000}
  m_PrefabAsset: {fileID: 0}
  serializedVersion: 5
  m_Component:
  - component: {fileID: 4918519082395858}
  m_Layer: 0
  m_Name: RightHandIndex1
  m_TagString: Untagged
  m_Icon: {fileID: 0}
  m_NavMeshLayer: 0
  m_StaticEditorFlags: 0
  m_IsActive: 1
--- !u!4 &4918519082395858
Transform:
  m_CorrespondingSourceObject: {fileID: 0}
  m_PrefabInstance: {fileID: 100100000}
  m_PrefabAsset: {fileID: 0}
  m_GameObject: {fileID: 1396844093519003}
  m_LocalRotation: {x: 0.0328282, y: 0.001456528, z: 0.1097009, w: 0.9934213}
  m_LocalPosition: {x: -0.0003959242, y: 0.001110128, z: -4.872219E-05}
  m_LocalScale: {x: 0.9999999, y: 0.9999999, z: 1}
  m_Children:
  - {fileID: 4617801795160951}
  m_Father: {fileID: 4635811743079146}
  m_RootOrder: 0
  m_LocalEulerAnglesHint: {x: 3.758126, y: 0.2468698, z: -12.59489}
--- !u!1 &1596582516914902
GameObject:
  m_CorrespondingSourceObject: {fileID: 0}
  m_PrefabInstance: {fileID: 100100000}
  m_PrefabAsset: {fileID: 0}
  serializedVersion: 5
  m_Component:
  - component: {fileID: 4617801795160951}
  m_Layer: 0
  m_Name: RightHandIndex2
  m_TagString: Untagged
  m_Icon: {fileID: 0}
  m_NavMeshLayer: 0
  m_StaticEditorFlags: 0
  m_IsActive: 1
--- !u!4 &4617801795160951
Transform:
  m_CorrespondingSourceObject: {fileID: 0}
  m_PrefabInstance: {fileID: 100100000}
  m_PrefabAsset: {fileID: 0}
  m_GameObject: {fileID: 1596582516914902}
  m_LocalRotation: {x: 0.068848, y: -0.06095866, z: -0.01544265, w: 0.9956433}
  m_LocalPosition: {x: 9.313226E-12, y: 0.0005313428, z: 4.976755E-10}
  m_LocalScale: {x: 0.9999999, y: 1, z: 1}
  m_Children:
  - {fileID: 4299611124201787}
  m_Father: {fileID: 4918519082395858}
  m_RootOrder: 0
  m_LocalEulerAnglesHint: {x: 8.046563, y: 6.849383, z: 2.259522}
--- !u!1 &1721077586961787
GameObject:
  m_CorrespondingSourceObject: {fileID: 0}
  m_PrefabInstance: {fileID: 100100000}
  m_PrefabAsset: {fileID: 0}
  serializedVersion: 5
  m_Component:
  - component: {fileID: 4299611124201787}
  m_Layer: 0
  m_Name: RightHandIndex3
  m_TagString: Untagged
  m_Icon: {fileID: 0}
  m_NavMeshLayer: 0
  m_StaticEditorFlags: 0
  m_IsActive: 1
--- !u!4 &4299611124201787
Transform:
  m_CorrespondingSourceObject: {fileID: 0}
  m_PrefabInstance: {fileID: 100100000}
  m_PrefabAsset: {fileID: 0}
  m_GameObject: {fileID: 1721077586961787}
  m_LocalRotation: {x: 0.004823898, y: 0.0565337, z: -0.005756807, w: 0.9983725}
  m_LocalPosition: {x: 1.396984E-10, y: 0.0003363435, z: 2.095476E-10}
  m_LocalScale: {x: 1, y: 0.9999999, z: 0.9999999}
  m_Children: []
  m_Father: {fileID: 4617801795160951}
  m_RootOrder: 0
  m_LocalEulerAnglesHint: {x: 0.5179047, y: -6.484758, z: 0.6314096}
--- !u!1 &1187358985500563
GameObject:
  m_CorrespondingSourceObject: {fileID: 0}
  m_PrefabInstance: {fileID: 100100000}
  m_PrefabAsset: {fileID: 0}
  serializedVersion: 5
  m_Component:
  - component: {fileID: 4496962678550537}
  m_Layer: 0
  m_Name: RightHandMiddle1
  m_TagString: Untagged
  m_Icon: {fileID: 0}
  m_NavMeshLayer: 0
  m_StaticEditorFlags: 0
  m_IsActive: 1
--- !u!4 &4496962678550537
Transform:
  m_CorrespondingSourceObject: {fileID: 0}
  m_PrefabInstance: {fileID: 100100000}
  m_PrefabAsset: {fileID: 0}
  m_GameObject: {fileID: 1187358985500563}
  m_LocalRotation: {x: -0.02467053, y: 0.001062267, z: 0.06158492, w: 0.9977964}
  m_LocalPosition: {x: -0.0001167139, y: 0.001193551, z: -4.549058E-05}
  m_LocalScale: {x: 1, y: 0.9999999, z: 1}
  m_Children:
  - {fileID: 4668447031965315}
  m_Father: {fileID: 4635811743079146}
  m_RootOrder: 1
  m_LocalEulerAnglesHint: {x: -2.814477, y: -0.2955625, z: -7.056476}
--- !u!1 &1166327039874785
GameObject:
  m_CorrespondingSourceObject: {fileID: 0}
  m_PrefabInstance: {fileID: 100100000}
  m_PrefabAsset: {fileID: 0}
  serializedVersion: 5
  m_Component:
  - component: {fileID: 4668447031965315}
  m_Layer: 0
  m_Name: RightHandMiddle2
  m_TagString: Untagged
  m_Icon: {fileID: 0}
  m_NavMeshLayer: 0
  m_StaticEditorFlags: 0
  m_IsActive: 1
--- !u!4 &4668447031965315
Transform:
  m_CorrespondingSourceObject: {fileID: 0}
  m_PrefabInstance: {fileID: 100100000}
  m_PrefabAsset: {fileID: 0}
  m_GameObject: {fileID: 1166327039874785}
  m_LocalRotation: {x: 0.1344711, y: -0.002788169, z: -0.0007806163, w: 0.9909133}
  m_LocalPosition: {x: -5.587935E-11, y: 0.0005321104, z: 4.703179E-10}
  m_LocalScale: {x: 0.9999999, y: 0.9999999, z: 1}
  m_Children:
  - {fileID: 4399987795879929}
  m_Father: {fileID: 4496962678550537}
  m_RootOrder: 0
  m_LocalEulerAnglesHint: {x: 15.45649, y: 0.3045701, z: 0.1316048}
--- !u!1 &1693377599823892
GameObject:
  m_CorrespondingSourceObject: {fileID: 0}
  m_PrefabInstance: {fileID: 100100000}
  m_PrefabAsset: {fileID: 0}
  serializedVersion: 5
  m_Component:
  - component: {fileID: 4399987795879929}
  m_Layer: 0
  m_Name: RightHandMiddle3
  m_TagString: Untagged
  m_Icon: {fileID: 0}
  m_NavMeshLayer: 0
  m_StaticEditorFlags: 0
  m_IsActive: 1
--- !u!4 &4399987795879929
Transform:
  m_CorrespondingSourceObject: {fileID: 0}
  m_PrefabInstance: {fileID: 100100000}
  m_PrefabAsset: {fileID: 0}
  m_GameObject: {fileID: 1693377599823892}
  m_LocalRotation: {x: 0.0108704, y: -0.00647989, z: -0.005190652, w: 0.9999065}
  m_LocalPosition: {x: -6.519258E-11, y: 0.0003608368, z: 3.981404E-10}
  m_LocalScale: {x: 0.9999998, y: 0.9999999, z: 1}
  m_Children: []
  m_Father: {fileID: 4668447031965315}
  m_RootOrder: 0
  m_LocalEulerAnglesHint: {x: 1.249596, y: 0.7360258, z: 0.6028818}
--- !u!1 &1763164108302377
GameObject:
  m_CorrespondingSourceObject: {fileID: 0}
  m_PrefabInstance: {fileID: 100100000}
  m_PrefabAsset: {fileID: 0}
  serializedVersion: 5
  m_Component:
  - component: {fileID: 4670668782325668}
  m_Layer: 0
  m_Name: RightHandPinky1
  m_TagString: Untagged
  m_Icon: {fileID: 0}
  m_NavMeshLayer: 0
  m_StaticEditorFlags: 0
  m_IsActive: 1
--- !u!4 &4670668782325668
Transform:
  m_CorrespondingSourceObject: {fileID: 0}
  m_PrefabInstance: {fileID: 100100000}
  m_PrefabAsset: {fileID: 0}
  m_GameObject: {fileID: 1763164108302377}
  m_LocalRotation: {x: 0.04452915, y: -0.006246476, z: -0.06025362, w: 0.9971699}
  m_LocalPosition: {x: 0.0004848002, y: 0.001125915, z: -7.299225E-05}
  m_LocalScale: {x: 1, y: 1, z: 0.9999999}
  m_Children:
  - {fileID: 4750206479699605}
  m_Father: {fileID: 4635811743079146}
  m_RootOrder: 2
  m_LocalEulerAnglesHint: {x: 5.138366, y: 0.406317, z: 6.933977}
--- !u!1 &1171366089578853
GameObject:
  m_CorrespondingSourceObject: {fileID: 0}
  m_PrefabInstance: {fileID: 100100000}
  m_PrefabAsset: {fileID: 0}
  serializedVersion: 5
  m_Component:
  - component: {fileID: 4750206479699605}
  m_Layer: 0
  m_Name: RightHandPinky2
  m_TagString: Untagged
  m_Icon: {fileID: 0}
  m_NavMeshLayer: 0
  m_StaticEditorFlags: 0
  m_IsActive: 1
--- !u!4 &4750206479699605
Transform:
  m_CorrespondingSourceObject: {fileID: 0}
  m_PrefabInstance: {fileID: 100100000}
  m_PrefabAsset: {fileID: 0}
  m_GameObject: {fileID: 1171366089578853}
  m_LocalRotation: {x: 0.0658683, y: -0.008357832, z: 0.05048659, w: 0.9965153}
  m_LocalPosition: {x: 0, y: 0.0003962574, z: 1.862645E-10}
  m_LocalScale: {x: 0.9999999, y: 0.9999999, z: 0.9999999}
  m_Children:
  - {fileID: 4883383376299725}
  m_Father: {fileID: 4670668782325668}
  m_RootOrder: 0
  m_LocalEulerAnglesHint: {x: 7.496697, y: 1.335591, z: -5.713103}
--- !u!1 &1255170096619519
GameObject:
  m_CorrespondingSourceObject: {fileID: 0}
  m_PrefabInstance: {fileID: 100100000}
  m_PrefabAsset: {fileID: 0}
  serializedVersion: 5
  m_Component:
  - component: {fileID: 4883383376299725}
  m_Layer: 0
  m_Name: RightHandPinky3
  m_TagString: Untagged
  m_Icon: {fileID: 0}
  m_NavMeshLayer: 0
  m_StaticEditorFlags: 0
  m_IsActive: 1
--- !u!4 &4883383376299725
Transform:
  m_CorrespondingSourceObject: {fileID: 0}
  m_PrefabInstance: {fileID: 100100000}
  m_PrefabAsset: {fileID: 0}
  m_GameObject: {fileID: 1255170096619519}
  m_LocalRotation: {x: 0.01700366, y: -0.001337228, z: -0.0602625, w: 0.9980369}
  m_LocalPosition: {x: -5.587935E-11, y: 0.000244516, z: 8.009374E-10}
  m_LocalScale: {x: 1, y: 1, z: 1}
  m_Children: []
  m_Father: {fileID: 4750206479699605}
  m_RootOrder: 0
  m_LocalEulerAnglesHint: {x: 1.954264, y: 0.03551422, z: 6.911372}
--- !u!1 &1845222071767390
GameObject:
  m_CorrespondingSourceObject: {fileID: 0}
  m_PrefabInstance: {fileID: 100100000}
  m_PrefabAsset: {fileID: 0}
  serializedVersion: 5
  m_Component:
  - component: {fileID: 4017352626581572}
  m_Layer: 0
  m_Name: RightHandRing1
  m_TagString: Untagged
  m_Icon: {fileID: 0}
  m_NavMeshLayer: 0
  m_StaticEditorFlags: 0
  m_IsActive: 1
--- !u!4 &4017352626581572
Transform:
  m_CorrespondingSourceObject: {fileID: 0}
  m_PrefabInstance: {fileID: 100100000}
  m_PrefabAsset: {fileID: 0}
  m_GameObject: {fileID: 1845222071767390}
  m_LocalRotation: {x: -0.02009922, y: -0.0002687894, z: 0.01645699, w: 0.9996625}
  m_LocalPosition: {x: 0.0001754799, y: 0.0012459, z: -3.304211E-05}
  m_LocalScale: {x: 1, y: 0.9999999, z: 0.9999999}
  m_Children:
  - {fileID: 4663066985689326}
  m_Father: {fileID: 4635811743079146}
  m_RootOrder: 3
  m_LocalEulerAnglesHint: {x: -2.303552, y: -0.007113159, z: -1.886155}
--- !u!1 &1321148151342997
GameObject:
  m_CorrespondingSourceObject: {fileID: 0}
  m_PrefabInstance: {fileID: 100100000}
  m_PrefabAsset: {fileID: 0}
  serializedVersion: 5
  m_Component:
  - component: {fileID: 4663066985689326}
  m_Layer: 0
  m_Name: RightHandRing2
  m_TagString: Untagged
  m_Icon: {fileID: 0}
  m_NavMeshLayer: 0
  m_StaticEditorFlags: 0
  m_IsActive: 1
--- !u!4 &4663066985689326
Transform:
  m_CorrespondingSourceObject: {fileID: 0}
  m_PrefabInstance: {fileID: 100100000}
  m_PrefabAsset: {fileID: 0}
  m_GameObject: {fileID: 1321148151342997}
  m_LocalRotation: {x: 0.1263431, y: 0.006201714, z: -0.008348563, w: 0.9919321}
  m_LocalPosition: {x: -3.259629E-11, y: 0.0004996673, z: 7.916242E-10}
  m_LocalScale: {x: 0.9999999, y: 0.9999999, z: 0.9999998}
  m_Children:
  - {fileID: 4389714330086515}
  m_Father: {fileID: 4017352626581572}
  m_RootOrder: 0
  m_LocalEulerAnglesHint: {x: 14.51124, y: -0.8258284, z: 0.8592904}
--- !u!1 &1814521172856124
GameObject:
  m_CorrespondingSourceObject: {fileID: 0}
  m_PrefabInstance: {fileID: 100100000}
  m_PrefabAsset: {fileID: 0}
  serializedVersion: 5
  m_Component:
  - component: {fileID: 4389714330086515}
  m_Layer: 0
  m_Name: RightHandRing3
  m_TagString: Untagged
  m_Icon: {fileID: 0}
  m_NavMeshLayer: 0
  m_StaticEditorFlags: 0
  m_IsActive: 1
--- !u!4 &4389714330086515
Transform:
  m_CorrespondingSourceObject: {fileID: 0}
  m_PrefabInstance: {fileID: 100100000}
  m_PrefabAsset: {fileID: 0}
  m_GameObject: {fileID: 1814521172856124}
  m_LocalRotation: {x: 0.0702593, y: -0.003492803, z: 0.006474868, w: 0.9975016}
  m_LocalPosition: {x: -1.862645E-11, y: 0.0003218372, z: 1.052395E-09}
  m_LocalScale: {x: 1, y: 1, z: 1}
  m_Children: []
  m_Father: {fileID: 4663066985689326}
  m_RootOrder: 0
  m_LocalEulerAnglesHint: {x: 8.055174, y: 0.4513804, z: -0.712031}
--- !u!1 &1670387283004194
GameObject:
  m_CorrespondingSourceObject: {fileID: 0}
  m_PrefabInstance: {fileID: 100100000}
  m_PrefabAsset: {fileID: 0}
  serializedVersion: 5
  m_Component:
  - component: {fileID: 4159940788598018}
  m_Layer: 0
  m_Name: RightHandThumb1
  m_TagString: Untagged
  m_Icon: {fileID: 0}
  m_NavMeshLayer: 0
  m_StaticEditorFlags: 0
  m_IsActive: 1
--- !u!4 &4159940788598018
Transform:
  m_CorrespondingSourceObject: {fileID: 0}
  m_PrefabInstance: {fileID: 100100000}
  m_PrefabAsset: {fileID: 0}
  m_GameObject: {fileID: 1670387283004194}
  m_LocalRotation: {x: 0.07079149, y: 0.01780455, z: 0.3140002, w: 0.9466126}
  m_LocalPosition: {x: -0.0004962923, y: 0.000414949, z: 0.0001519249}
  m_LocalScale: {x: 1, y: 1, z: 1}
  m_Children:
  - {fileID: 4575947165968916}
  m_Father: {fileID: 4635811743079146}
  m_RootOrder: 4
  m_LocalEulerAnglesHint: {x: 8.349666, y: 0.6158877, z: -36.65737}
--- !u!1 &1781937051255594
GameObject:
  m_CorrespondingSourceObject: {fileID: 0}
  m_PrefabInstance: {fileID: 100100000}
  m_PrefabAsset: {fileID: 0}
  serializedVersion: 5
  m_Component:
  - component: {fileID: 4575947165968916}
  m_Layer: 0
  m_Name: RightHandThumb2
  m_TagString: Untagged
  m_Icon: {fileID: 0}
  m_NavMeshLayer: 0
  m_StaticEditorFlags: 0
  m_IsActive: 1
--- !u!4 &4575947165968916
Transform:
  m_CorrespondingSourceObject: {fileID: 0}
  m_PrefabInstance: {fileID: 100100000}
  m_PrefabAsset: {fileID: 0}
  m_GameObject: {fileID: 1781937051255594}
  m_LocalRotation: {x: -0.05537032, y: -0.1904618, z: -0.1333903, w: 0.9710127}
  m_LocalPosition: {x: -1.490116E-10, y: 0.0005678562, z: 5.972106E-10}
  m_LocalScale: {x: 0.9999999, y: 1, z: 0.9999999}
  m_Children:
  - {fileID: 4269587986786731}
  m_Father: {fileID: 4159940788598018}
  m_RootOrder: 0
  m_LocalEulerAnglesHint: {x: -3.522855, y: 22.62222, z: 14.93893}
--- !u!1 &1752826857799003
GameObject:
  m_CorrespondingSourceObject: {fileID: 0}
  m_PrefabInstance: {fileID: 100100000}
  m_PrefabAsset: {fileID: 0}
  serializedVersion: 5
  m_Component:
  - component: {fileID: 4269587986786731}
  m_Layer: 0
  m_Name: RightHandThumb3
  m_TagString: Untagged
  m_Icon: {fileID: 0}
  m_NavMeshLayer: 0
  m_StaticEditorFlags: 0
  m_IsActive: 1
--- !u!4 &4269587986786731
Transform:
  m_CorrespondingSourceObject: {fileID: 0}
  m_PrefabInstance: {fileID: 100100000}
  m_PrefabAsset: {fileID: 0}
  m_GameObject: {fileID: 1752826857799003}
  m_LocalRotation: {x: 0.05808686, y: 0.2374264, z: -0.09560586, w: 0.9649426}
  m_LocalPosition: {x: -2.980232E-10, y: 0.0004628993, z: 1.071021E-09}
  m_LocalScale: {x: 0.9999999, y: 1, z: 0.9999999}
  m_Children: []
  m_Father: {fileID: 4575947165968916}
  m_RootOrder: 0
  m_LocalEulerAnglesHint: {x: 4.33212, y: -27.98969, z: 10.23653}
--- !u!1 &1937591836288618
GameObject:
  m_CorrespondingSourceObject: {fileID: 0}
  m_PrefabInstance: {fileID: 100100000}
  m_PrefabAsset: {fileID: 0}
  serializedVersion: 5
  m_Component:
  - component: {fileID: 4165696888827543}
  - component: {fileID: 137701253203830273}
  m_Layer: 0
  m_Name: hair9
  m_TagString: Untagged
  m_Icon: {fileID: 0}
  m_NavMeshLayer: 0
  m_StaticEditorFlags: 0
  m_IsActive: 1
--- !u!4 &4165696888827543
Transform:
  m_CorrespondingSourceObject: {fileID: 0}
  m_PrefabInstance: {fileID: 100100000}
  m_PrefabAsset: {fileID: 0}
  m_GameObject: {fileID: 1937591836288618}
  m_LocalRotation: {x: -0.7071068, y: 0, z: 0, w: 0.7071067}
  m_LocalPosition: {x: -9.131432E-05, y: 0, z: 0}
  m_LocalScale: {x: 100, y: 100, z: 100}
  m_Children: []
  m_Father: {fileID: 4821037754053086}
  m_RootOrder: 1
  m_LocalEulerAnglesHint: {x: -90.00001, y: 0, z: 0}
--- !u!137 &137701253203830273
SkinnedMeshRenderer:
  m_CorrespondingSourceObject: {fileID: 0}
  m_PrefabInstance: {fileID: 100100000}
  m_PrefabAsset: {fileID: 0}
  m_GameObject: {fileID: 1937591836288618}
  m_Enabled: 1
  m_CastShadows: 1
  m_ReceiveShadows: 1
  m_DynamicOccludee: 1
  m_MotionVectors: 1
  m_LightProbeUsage: 1
  m_ReflectionProbeUsage: 1
  m_RayTracingMode: 0
  m_RenderingLayerMask: 1
  m_RendererPriority: 0
  m_Materials:
  - {fileID: 2100000, guid: b6cd93b7f590ca24ca54af64828065ed, type: 2}
  m_StaticBatchInfo:
    firstSubMesh: 0
    subMeshCount: 0
  m_StaticBatchRoot: {fileID: 0}
  m_ProbeAnchor: {fileID: 0}
  m_LightProbeVolumeOverride: {fileID: 0}
  m_ScaleInLightmap: 1
  m_ReceiveGI: 1
  m_PreserveUVs: 0
  m_IgnoreNormalsForChartDetection: 0
  m_ImportantGI: 0
  m_StitchLightmapSeams: 0
  m_SelectedEditorRenderState: 3
  m_MinimumChartSize: 4
  m_AutoUVMaxDistance: 0.5
  m_AutoUVMaxAngle: 89
  m_LightmapParameters: {fileID: 0}
  m_SortingLayerID: 0
  m_SortingLayer: 0
  m_SortingOrder: 0
  serializedVersion: 2
  m_Quality: 0
  m_UpdateWhenOffscreen: 0
  m_skinnedMotionVectors: 1
  m_Mesh: {fileID: 4300000, guid: cac6f997fed375a4886bbcc88821f871, type: 2}
  m_Bones:
  - {fileID: 4013812295594318}
  - {fileID: 4163381385748460}
  - {fileID: 4848635248719824}
  - {fileID: 4281692685574544}
  - {fileID: 4463317870233548}
  - {fileID: 4949435843794036}
  - {fileID: 4902288690691812}
  - {fileID: 4672421595344069}
  - {fileID: 4208621744279563}
  - {fileID: 4616755446536681}
  - {fileID: 4923387999951827}
  - {fileID: 4876226299958794}
  - {fileID: 4370258988177437}
  - {fileID: 4776881410669288}
  - {fileID: 4815148586824365}
  - {fileID: 4029954164559528}
  - {fileID: 4106322617327292}
  - {fileID: 4428485933710636}
  - {fileID: 4684869239126300}
  - {fileID: 4458943026090681}
  - {fileID: 4052079478348939}
  - {fileID: 4917390019257887}
  - {fileID: 4739477573776535}
  - {fileID: 4725482029321376}
  - {fileID: 4384131565864524}
  - {fileID: 4888417295872473}
  - {fileID: 4908655788156573}
  - {fileID: 4639436023680424}
  - {fileID: 4790276503875832}
  - {fileID: 4635811743079146}
  - {fileID: 4159940788598018}
  - {fileID: 4575947165968916}
  - {fileID: 4269587986786731}
  - {fileID: 4918519082395858}
  - {fileID: 4617801795160951}
  - {fileID: 4299611124201787}
  - {fileID: 4496962678550537}
  - {fileID: 4668447031965315}
  - {fileID: 4399987795879929}
  - {fileID: 4017352626581572}
  - {fileID: 4663066985689326}
  - {fileID: 4389714330086515}
  - {fileID: 4670668782325668}
  - {fileID: 4750206479699605}
  - {fileID: 4883383376299725}
  - {fileID: 4093611239455863}
  - {fileID: 4442591036394765}
  - {fileID: 4291647946147961}
  - {fileID: 4128146016554669}
  - {fileID: 4867403819951748}
  - {fileID: 4371028088981726}
  - {fileID: 4689634115978964}
  - {fileID: 4572420267352857}
  m_BlendShapeWeights: []
  m_RootBone: {fileID: 4013812295594318}
  m_AABB:
    m_Center: {x: 0.0004101523, y: 0.009386918, z: 0.0007996571}
    m_Extent: {x: 0.0004597455, y: 0.001537554, z: 0.001715628}
  m_DirtyAABB: 0
