%YAML 1.1
%TAG !u! tag:unity3d.com,2011:
--- !u!1001 &100100000
PrefabInstance:
  serializedVersion: 2
  m_RootGameObject: {fileID: 1657767627084372}
  m_Modification:
    m_TransformParent: {fileID: 0}
    m_Modifications: []
    m_RemovedComponents: []
  m_SourcePrefab: {fileID: 0}
--- !u!1 &1657767627084372
GameObject:
  m_CorrespondingSourceObject: {fileID: 0}
  m_PrefabInstance: {fileID: 100100000}
  m_PrefabAsset: {fileID: 0}
  serializedVersion: 5
  m_Component:
  - component: {fileID: 4448339910589917}
  - component: {fileID: 114845786384114751}
  m_Layer: 12
  m_Name: Hair7
  m_TagString: Untagged
  m_Icon: {fileID: 0}
  m_NavMeshLayer: 0
  m_StaticEditorFlags: 0
  m_IsActive: 1
--- !u!4 &4448339910589917
Transform:
  m_CorrespondingSourceObject: {fileID: 0}
  m_PrefabInstance: {fileID: 100100000}
  m_PrefabAsset: {fileID: 0}
  m_GameObject: {fileID: 1657767627084372}
  m_LocalRotation: {x: 0, y: 0, z: 0, w: 1}
  m_LocalPosition: {x: 0, y: 50, z: 0}
  m_LocalScale: {x: 1, y: 1, z: 1}
  m_Children:
  - {fileID: 4062395498427259}
  m_Father: {fileID: 0}
  m_RootOrder: 0
  m_LocalEulerAnglesHint: {x: 0, y: 0, z: 0}
--- !u!114 &114845786384114751
MonoBehaviour:
  m_CorrespondingSourceObject: {fileID: 0}
  m_PrefabInstance: {fileID: 100100000}
  m_PrefabAsset: {fileID: 0}
  m_GameObject: {fileID: 1657767627084372}
  m_Enabled: 1
  m_EditorHideFlags: 0
  m_Script: {fileID: 11500000, guid: ee3583957fdcbe54a95d5c71c47d06a6, type: 3}
  m_Name:
  m_EditorClassIdentifier:
  m_autoPickup: 1
  m_autoDestroy: 1
  m_itemData:
    m_stack: 1
    m_durability: 100
    m_quality: 1
    m_variant: 0
    m_shared:
      m_name: $customization_hair07
      m_dlc:
      m_itemType: 10
      m_icons: []
      m_attachOverride: 0
      m_description:
      m_maxStackSize: 1
      m_maxQuality: 1
      m_weight: 1
      m_value: 0
      m_teleportable: 1
      m_questItem: 0
      m_equipDuration: 1
      m_variants: 0
      m_trophyPos: {x: 0, y: 0}
      m_buildPieces: {fileID: 0}
      m_centerCamera: 0
      m_setName:
      m_setSize: 0
      m_setStatusEffect: {fileID: 0}
      m_equipStatusEffect: {fileID: 0}
      m_movementModifier: 0
      m_food: 0
      m_foodStamina: 0
      m_foodBurnTime: 0
      m_foodRegen: 0
      m_foodColor: {r: 1, g: 1, b: 1, a: 1}
      m_armorMaterial: {fileID: 0}
      m_helmetHideHair: 1
      m_armor: 5
      m_armorPerLevel: 1
      m_damageModifiers: []
      m_blockPower: 10
      m_blockPowerPerLevel: 0
      m_deflectionForce: 0
      m_deflectionForcePerLevel: 0
      m_timedBlockBonus: 1.5
      m_animationState: 1
      m_skillType: 1
      m_toolTier: 0
      m_damages:
        m_damage: 0
        m_blunt: 10
        m_slash: 0
        m_pierce: 0
        m_chop: 0
        m_pickaxe: 0
        m_fire: 0
        m_frost: 0
        m_lightning: 0
        m_poison: 0
        m_spirit: 0
      m_damagesPerLevel:
        m_damage: 0
        m_blunt: 0
        m_slash: 0
        m_pierce: 0
        m_chop: 0
        m_pickaxe: 0
        m_fire: 0
        m_frost: 0
        m_lightning: 0
        m_poison: 0
        m_spirit: 0
      m_attackForce: 30
      m_backstabBonus: 4
      m_dodgeable: 1
      m_blockable: 1
      m_tamedOnly: 0
      m_attackStatusEffect: {fileID: 0}
      m_spawnOnHit: {fileID: 0}
      m_spawnOnHitTerrain: {fileID: 0}
      m_attack:
        m_attackType: 0
        m_attackAnimation:
        m_attackRandomAnimations: 0
        m_attackChainLevels: 0
        m_consumeItem: 0
        m_hitTerrain: 1
        m_attackStamina: 20
        m_speedFactor: 0.2
        m_speedFactorRotation: 0.2
        m_attackStartNoise: 10
        m_attackHitNoise: 30
        m_damageMultiplier: 1
        m_forceMultiplier: 1
        m_staggerMultiplier: 1
        m_attackOriginJoint:
        m_attackRange: 2.4
        m_attackHeight: 0.8
        m_attackOffset: 0
        m_spawnOnTrigger: {fileID: 0}
        m_attackAngle: 90
        m_attackRayWidth: 0
        m_maxYAngle: 0
        m_lowerDamagePerHit: 1
        m_hitPointtype: 0
        m_hitThroughWalls: 0
        m_multiHit: 1
        m_pickaxeSpecial: 0
        m_lastChainDamageMultiplier: 2
        m_resetChainIfHit: 0
        m_skillHitType: 4
        m_specialHitSkill: 0
        m_specialHitType: 0
        m_attackProjectile: {fileID: 0}
        m_projectileVel: 10
        m_projectileVelMin: 2
        m_projectileAccuracy: 10
        m_projectileAccuracyMin: 20
        m_useCharacterFacing: 0
        m_useCharacterFacingYAim: 0
        m_launchAngle: 0
        m_projectiles: 1
        m_projectileBursts: 1
        m_burstInterval: 0
        m_destroyPreviousProjectile: 0
        m_hitEffect:
          m_effectPrefabs: []
        m_hitTerrainEffect:
          m_effectPrefabs: []
        m_startEffect:
          m_effectPrefabs: []
        m_triggerEffect:
          m_effectPrefabs: []
        m_trailStartEffect:
          m_effectPrefabs: []
      m_secondaryAttack:
        m_attackType: 0
        m_attackAnimation:
        m_attackRandomAnimations: 0
        m_attackChainLevels: 0
        m_consumeItem: 0
        m_hitTerrain: 1
        m_attackStamina: 20
        m_speedFactor: 0.2
        m_speedFactorRotation: 0.2
        m_attackStartNoise: 10
        m_attackHitNoise: 30
        m_damageMultiplier: 1
        m_forceMultiplier: 1
        m_staggerMultiplier: 1
        m_attackOriginJoint:
        m_attackRange: 1.5
        m_attackHeight: 0.6
        m_attackOffset: 0
        m_spawnOnTrigger: {fileID: 0}
        m_attackAngle: 90
        m_attackRayWidth: 0
        m_maxYAngle: 0
        m_lowerDamagePerHit: 1
        m_hitPointtype: 0
        m_hitThroughWalls: 0
        m_multiHit: 1
        m_pickaxeSpecial: 0
        m_lastChainDamageMultiplier: 2
        m_resetChainIfHit: 0
        m_skillHitType: 4
        m_specialHitSkill: 0
        m_specialHitType: 0
        m_attackProjectile: {fileID: 0}
        m_projectileVel: 10
        m_projectileVelMin: 2
        m_projectileAccuracy: 10
        m_projectileAccuracyMin: 20
        m_useCharacterFacing: 0
        m_useCharacterFacingYAim: 0
        m_launchAngle: 0
        m_projectiles: 1
        m_projectileBursts: 1
        m_burstInterval: 0
        m_destroyPreviousProjectile: 0
        m_hitEffect:
          m_effectPrefabs: []
        m_hitTerrainEffect:
          m_effectPrefabs: []
        m_startEffect:
          m_effectPrefabs: []
        m_triggerEffect:
          m_effectPrefabs: []
        m_trailStartEffect:
          m_effectPrefabs: []
      m_useDurability: 0
      m_destroyBroken: 1
      m_canBeReparied: 1
      m_maxDurability: 100
      m_durabilityPerLevel: 50
      m_useDurabilityDrain: 1
      m_durabilityDrain: 0
      m_holdDurationMin: 0
      m_holdStaminaDrain: 0
      m_holdAnimationState:
      m_ammoType:
      m_aiAttackRange: 2
      m_aiAttackRangeMin: 0
      m_aiAttackInterval: 2
      m_aiAttackMaxAngle: 5
      m_aiWhenFlying: 1
      m_aiWhenWalking: 1
      m_aiWhenSwiming: 1
      m_aiPrioritized: 0
      m_aiTargetType: 0
      m_hitEffect:
        m_effectPrefabs: []
      m_hitTerrainEffect:
        m_effectPrefabs: []
      m_blockEffect:
        m_effectPrefabs: []
      m_startEffect:
        m_effectPrefabs: []
      m_holdStartEffect:
        m_effectPrefabs: []
      m_triggerEffect:
        m_effectPrefabs: []
      m_trailStartEffect:
        m_effectPrefabs: []
      m_consumeStatusEffect: {fileID: 0}
--- !u!1 &1718674364036628
GameObject:
  m_CorrespondingSourceObject: {fileID: 0}
  m_PrefabInstance: {fileID: 100100000}
  m_PrefabAsset: {fileID: 0}
  serializedVersion: 5
  m_Component:
  - component: {fileID: 4062395498427259}
  - component: {fileID: 95445546965610016}
  m_Layer: 0
  m_Name: attach_skin
  m_TagString: Untagged
  m_Icon: {fileID: 0}
  m_NavMeshLayer: 0
  m_StaticEditorFlags: 0
  m_IsActive: 1
--- !u!4 &4062395498427259
Transform:
  m_CorrespondingSourceObject: {fileID: 0}
  m_PrefabInstance: {fileID: 100100000}
  m_PrefabAsset: {fileID: 0}
  m_GameObject: {fileID: 1718674364036628}
  m_LocalRotation: {x: 0, y: 0, z: 0, w: 1}
  m_LocalPosition: {x: 0, y: 0, z: 0}
  m_LocalScale: {x: 1, y: 1, z: 1}
  m_Children:
  - {fileID: 4952466784696134}
  - {fileID: 4561360953168018}
  m_Father: {fileID: 4448339910589917}
  m_RootOrder: 0
  m_LocalEulerAnglesHint: {x: 0, y: 0, z: 0}
--- !u!95 &95445546965610016
Animator:
  serializedVersion: 3
  m_CorrespondingSourceObject: {fileID: 0}
  m_PrefabInstance: {fileID: 100100000}
  m_PrefabAsset: {fileID: 0}
  m_GameObject: {fileID: 1718674364036628}
  m_Enabled: 0
  m_Avatar: {fileID: 9000000, guid: b93820ac1570a2f45acb7b86f9e8056d, type: 2}
  m_Controller: {fileID: 0}
  m_CullingMode: 1
  m_UpdateMode: 0
  m_ApplyRootMotion: 0
  m_LinearVelocityBlending: 0
  m_WarningMessage:
  m_HasTransformHierarchy: 1
  m_AllowConstantClipSamplingOptimization: 1
  m_KeepAnimatorControllerStateOnDisable: 0
--- !u!1 &1641817208164620
GameObject:
  m_CorrespondingSourceObject: {fileID: 0}
  m_PrefabInstance: {fileID: 100100000}
  m_PrefabAsset: {fileID: 0}
  serializedVersion: 5
  m_Component:
  - component: {fileID: 4952466784696134}
  m_Layer: 0
  m_Name: Armature
  m_TagString: Untagged
  m_Icon: {fileID: 0}
  m_NavMeshLayer: 0
  m_StaticEditorFlags: 0
  m_IsActive: 1
--- !u!4 &4952466784696134
Transform:
  m_CorrespondingSourceObject: {fileID: 0}
  m_PrefabInstance: {fileID: 100100000}
  m_PrefabAsset: {fileID: 0}
  m_GameObject: {fileID: 1641817208164620}
  m_LocalRotation: {x: -0.7071068, y: 0, z: 0, w: 0.7071067}
  m_LocalPosition: {x: 0, y: 0, z: 0}
  m_LocalScale: {x: 100, y: 100, z: 100}
  m_Children:
  - {fileID: 4754599002922496}
  m_Father: {fileID: 4062395498427259}
  m_RootOrder: 0
  m_LocalEulerAnglesHint: {x: -90.00001, y: 0, z: 0}
--- !u!1 &1844961144621464
GameObject:
  m_CorrespondingSourceObject: {fileID: 0}
  m_PrefabInstance: {fileID: 100100000}
  m_PrefabAsset: {fileID: 0}
  serializedVersion: 5
  m_Component:
  - component: {fileID: 4754599002922496}
  m_Layer: 0
  m_Name: Hips
  m_TagString: Untagged
  m_Icon: {fileID: 0}
  m_NavMeshLayer: 0
  m_StaticEditorFlags: 0
  m_IsActive: 1
--- !u!4 &4754599002922496
Transform:
  m_CorrespondingSourceObject: {fileID: 0}
  m_PrefabInstance: {fileID: 100100000}
  m_PrefabAsset: {fileID: 0}
  m_GameObject: {fileID: 1844961144621464}
  m_LocalRotation: {x: 0.7071068, y: 0, z: 0, w: 0.7071067}
  m_LocalPosition: {x: 0, y: 7.026316E-05, z: 0.009579787}
  m_LocalScale: {x: 1, y: 1, z: 1}
  m_Children:
  - {fileID: 4264891182431724}
  - {fileID: 4908310738316774}
  - {fileID: 4140509929592890}
  m_Father: {fileID: 4952466784696134}
  m_RootOrder: 0
  m_LocalEulerAnglesHint: {x: 90.00001, y: 0, z: 0}
--- !u!1 &1882169498993806
GameObject:
  m_CorrespondingSourceObject: {fileID: 0}
  m_PrefabInstance: {fileID: 100100000}
  m_PrefabAsset: {fileID: 0}
  serializedVersion: 5
  m_Component:
  - component: {fileID: 4264891182431724}
  m_Layer: 0
  m_Name: LeftUpLeg
  m_TagString: Untagged
  m_Icon: {fileID: 0}
  m_NavMeshLayer: 0
  m_StaticEditorFlags: 0
  m_IsActive: 1
--- !u!4 &4264891182431724
Transform:
  m_CorrespondingSourceObject: {fileID: 0}
  m_PrefabInstance: {fileID: 100100000}
  m_PrefabAsset: {fileID: 0}
  m_GameObject: {fileID: 1882169498993806}
  m_LocalRotation: {x: 0.0002601492, y: -0.03361914, z: 0.9994042, w: 0.00780658}
  m_LocalPosition: {x: -0.001028195, y: 0.001144692, z: -5.299361E-05}
  m_LocalScale: {x: 1.000004, y: 1, z: 1.000067}
  m_Children:
  - {fileID: 4656349149373788}
  m_Father: {fileID: 4754599002922496}
  m_RootOrder: 0
  m_LocalEulerAnglesHint: {x: -3.852846, y: 0.05986776, z: -179.1069}
--- !u!1 &1512039098024817
GameObject:
  m_CorrespondingSourceObject: {fileID: 0}
  m_PrefabInstance: {fileID: 100100000}
  m_PrefabAsset: {fileID: 0}
  serializedVersion: 5
  m_Component:
  - component: {fileID: 4656349149373788}
  m_Layer: 0
  m_Name: LeftLeg
  m_TagString: Untagged
  m_Icon: {fileID: 0}
  m_NavMeshLayer: 0
  m_StaticEditorFlags: 0
  m_IsActive: 1
--- !u!4 &4656349149373788
Transform:
  m_CorrespondingSourceObject: {fileID: 0}
  m_PrefabInstance: {fileID: 100100000}
  m_PrefabAsset: {fileID: 0}
  m_GameObject: {fileID: 1512039098024817}
  m_LocalRotation: {x: -0.003857396, y: -2.066256E-05, z: 0.003137333, w: 0.9999877}
  m_LocalPosition: {x: -4.976755E-11, y: 0.004738677, z: -2.276693E-11}
  m_LocalScale: {x: 1, y: 1, z: 1}
  m_Children:
  - {fileID: 4722980160541224}
  m_Father: {fileID: 4264891182431724}
  m_RootOrder: 0
  m_LocalEulerAnglesHint: {x: -0.4420314, y: 0.0009809455, z: -0.3595189}
--- !u!1 &1790823508161003
GameObject:
  m_CorrespondingSourceObject: {fileID: 0}
  m_PrefabInstance: {fileID: 100100000}
  m_PrefabAsset: {fileID: 0}
  serializedVersion: 5
  m_Component:
  - component: {fileID: 4722980160541224}
  m_Layer: 0
  m_Name: LeftFoot
  m_TagString: Untagged
  m_Icon: {fileID: 0}
  m_NavMeshLayer: 0
  m_StaticEditorFlags: 0
  m_IsActive: 1
--- !u!4 &4722980160541224
Transform:
  m_CorrespondingSourceObject: {fileID: 0}
  m_PrefabInstance: {fileID: 100100000}
  m_PrefabAsset: {fileID: 0}
  m_GameObject: {fileID: 1790823508161003}
  m_LocalRotation: {x: 0.484922, y: -0.03238014, z: 0.01797062, w: 0.873773}
  m_LocalPosition: {x: 1.202716E-10, y: 0.004699663, z: 1.4958E-10}
  m_LocalScale: {x: 0.9999999, y: 1, z: 0.9999999}
  m_Children:
  - {fileID: 4951608231031939}
  m_Father: {fileID: 4656349149373788}
  m_RootOrder: 0
  m_LocalEulerAnglesHint: {x: 58.05833, y: 4.244598, z: -4.651112E-05}
--- !u!1 &1000157900436020
GameObject:
  m_CorrespondingSourceObject: {fileID: 0}
  m_PrefabInstance: {fileID: 100100000}
  m_PrefabAsset: {fileID: 0}
  serializedVersion: 5
  m_Component:
  - component: {fileID: 4951608231031939}
  m_Layer: 0
  m_Name: LeftToeBase
  m_TagString: Untagged
  m_Icon: {fileID: 0}
  m_NavMeshLayer: 0
  m_StaticEditorFlags: 0
  m_IsActive: 1
--- !u!4 &4951608231031939
Transform:
  m_CorrespondingSourceObject: {fileID: 0}
  m_PrefabInstance: {fileID: 100100000}
  m_PrefabAsset: {fileID: 0}
  m_GameObject: {fileID: 1000157900436020}
  m_LocalRotation: {x: 0.2955232, y: 0.1077301, z: -0.06653062, w: 0.9469076}
  m_LocalPosition: {x: 6.284608E-11, y: 0.002158782, z: -3.026798E-11}
  m_LocalScale: {x: 1, y: 1, z: 0.9999999}
  m_Children: []
  m_Father: {fileID: 4722980160541224}
  m_RootOrder: 0
  m_LocalEulerAnglesHint: {x: 34.21031, y: -14.08396, z: 3.684063}
--- !u!1 &1934948649829936
GameObject:
  m_CorrespondingSourceObject: {fileID: 0}
  m_PrefabInstance: {fileID: 100100000}
  m_PrefabAsset: {fileID: 0}
  serializedVersion: 5
  m_Component:
  - component: {fileID: 4908310738316774}
  m_Layer: 0
  m_Name: RightUpLeg
  m_TagString: Untagged
  m_Icon: {fileID: 0}
  m_NavMeshLayer: 0
  m_StaticEditorFlags: 0
  m_IsActive: 1
--- !u!4 &4908310738316774
Transform:
  m_CorrespondingSourceObject: {fileID: 0}
  m_PrefabInstance: {fileID: 100100000}
  m_PrefabAsset: {fileID: 0}
  m_GameObject: {fileID: 1934948649829936}
  m_LocalRotation: {x: -0.0002601492, y: -0.03361914, z: 0.9994042, w: -0.00780658}
  m_LocalPosition: {x: 0.001028195, y: 0.001144692, z: -5.299361E-05}
  m_LocalScale: {x: 1.000004, y: 1, z: 1.000067}
  m_Children:
  - {fileID: 4114937787755412}
  m_Father: {fileID: 4754599002922496}
  m_RootOrder: 1
  m_LocalEulerAnglesHint: {x: -3.852846, y: -0.05986776, z: 179.1069}
--- !u!1 &1330184823777039
GameObject:
  m_CorrespondingSourceObject: {fileID: 0}
  m_PrefabInstance: {fileID: 100100000}
  m_PrefabAsset: {fileID: 0}
  serializedVersion: 5
  m_Component:
  - component: {fileID: 4114937787755412}
  m_Layer: 0
  m_Name: RightLeg
  m_TagString: Untagged
  m_Icon: {fileID: 0}
  m_NavMeshLayer: 0
  m_StaticEditorFlags: 0
  m_IsActive: 1
--- !u!4 &4114937787755412
Transform:
  m_CorrespondingSourceObject: {fileID: 0}
  m_PrefabInstance: {fileID: 100100000}
  m_PrefabAsset: {fileID: 0}
  m_GameObject: {fileID: 1330184823777039}
  m_LocalRotation: {x: -0.003857396, y: 2.066256E-05, z: -0.003137333, w: 0.9999877}
  m_LocalPosition: {x: 4.976755E-11, y: 0.004738677, z: -2.276693E-11}
  m_LocalScale: {x: 1, y: 1, z: 1}
  m_Children:
  - {fileID: 4070024734097712}
  m_Father: {fileID: 4908310738316774}
  m_RootOrder: 0
  m_LocalEulerAnglesHint: {x: -0.4420314, y: -0.0009809455, z: 0.3595189}
--- !u!1 &1375180083713787
GameObject:
  m_CorrespondingSourceObject: {fileID: 0}
  m_PrefabInstance: {fileID: 100100000}
  m_PrefabAsset: {fileID: 0}
  serializedVersion: 5
  m_Component:
  - component: {fileID: 4070024734097712}
  m_Layer: 0
  m_Name: RightFoot
  m_TagString: Untagged
  m_Icon: {fileID: 0}
  m_NavMeshLayer: 0
  m_StaticEditorFlags: 0
  m_IsActive: 1
--- !u!4 &4070024734097712
Transform:
  m_CorrespondingSourceObject: {fileID: 0}
  m_PrefabInstance: {fileID: 100100000}
  m_PrefabAsset: {fileID: 0}
  m_GameObject: {fileID: 1375180083713787}
  m_LocalRotation: {x: 0.484922, y: 0.03238014, z: -0.01797062, w: 0.873773}
  m_LocalPosition: {x: -1.202716E-10, y: 0.004699663, z: 1.4958E-10}
  m_LocalScale: {x: 0.9999999, y: 1, z: 0.9999999}
  m_Children:
  - {fileID: 4819211169028918}
  m_Father: {fileID: 4114937787755412}
  m_RootOrder: 0
  m_LocalEulerAnglesHint: {x: 58.05833, y: -4.244598, z: 4.651112E-05}
--- !u!1 &1215080692449832
GameObject:
  m_CorrespondingSourceObject: {fileID: 0}
  m_PrefabInstance: {fileID: 100100000}
  m_PrefabAsset: {fileID: 0}
  serializedVersion: 5
  m_Component:
  - component: {fileID: 4819211169028918}
  m_Layer: 0
  m_Name: RightToeBase
  m_TagString: Untagged
  m_Icon: {fileID: 0}
  m_NavMeshLayer: 0
  m_StaticEditorFlags: 0
  m_IsActive: 1
--- !u!4 &4819211169028918
Transform:
  m_CorrespondingSourceObject: {fileID: 0}
  m_PrefabInstance: {fileID: 100100000}
  m_PrefabAsset: {fileID: 0}
  m_GameObject: {fileID: 1215080692449832}
  m_LocalRotation: {x: 0.2955232, y: -0.1077301, z: 0.06653062, w: 0.9469076}
  m_LocalPosition: {x: -6.284608E-11, y: 0.002158782, z: -3.026798E-11}
  m_LocalScale: {x: 1, y: 1, z: 0.9999999}
  m_Children: []
  m_Father: {fileID: 4070024734097712}
  m_RootOrder: 0
  m_LocalEulerAnglesHint: {x: 34.21031, y: 14.08396, z: -3.684063}
--- !u!1 &1275529381136529
GameObject:
  m_CorrespondingSourceObject: {fileID: 0}
  m_PrefabInstance: {fileID: 100100000}
  m_PrefabAsset: {fileID: 0}
  serializedVersion: 5
  m_Component:
  - component: {fileID: 4140509929592890}
  m_Layer: 0
  m_Name: Spine
  m_TagString: Untagged
  m_Icon: {fileID: 0}
  m_NavMeshLayer: 0
  m_StaticEditorFlags: 0
  m_IsActive: 1
--- !u!4 &4140509929592890
Transform:
  m_CorrespondingSourceObject: {fileID: 0}
  m_PrefabInstance: {fileID: 100100000}
  m_PrefabAsset: {fileID: 0}
  m_GameObject: {fileID: 1275529381136529}
  m_LocalRotation: {x: -0.03922647, y: 0, z: 0, w: 0.9992304}
  m_LocalPosition: {x: 0, y: 0.001202162, z: 1.598366E-12}
  m_LocalScale: {x: 1, y: 1, z: 1}
  m_Children:
  - {fileID: 4758446388422846}
  m_Father: {fileID: 4754599002922496}
  m_RootOrder: 2
  m_LocalEulerAnglesHint: {x: -4.496175, y: 0, z: 0}
--- !u!1 &1106869766966708
GameObject:
  m_CorrespondingSourceObject: {fileID: 0}
  m_PrefabInstance: {fileID: 100100000}
  m_PrefabAsset: {fileID: 0}
  serializedVersion: 5
  m_Component:
  - component: {fileID: 4758446388422846}
  m_Layer: 0
  m_Name: Spine1
  m_TagString: Untagged
  m_Icon: {fileID: 0}
  m_NavMeshLayer: 0
  m_StaticEditorFlags: 0
  m_IsActive: 1
--- !u!4 &4758446388422846
Transform:
  m_CorrespondingSourceObject: {fileID: 0}
  m_PrefabInstance: {fileID: 100100000}
  m_PrefabAsset: {fileID: 0}
  m_GameObject: {fileID: 1106869766966708}
  m_LocalRotation: {x: -0.01017069, y: 0, z: 0, w: 0.9999483}
  m_LocalPosition: {x: 0, y: 0.003014359, z: -3.72529E-11}
  m_LocalScale: {x: 1, y: 1, z: 1}
  m_Children:
  - {fileID: 4532405440598684}
  m_Father: {fileID: 4140509929592890}
  m_RootOrder: 0
  m_LocalEulerAnglesHint: {x: -1.165495, y: 0, z: 0}
--- !u!1 &1537762925042354
GameObject:
  m_CorrespondingSourceObject: {fileID: 0}
  m_PrefabInstance: {fileID: 100100000}
  m_PrefabAsset: {fileID: 0}
  serializedVersion: 5
  m_Component:
  - component: {fileID: 4532405440598684}
  m_Layer: 0
  m_Name: Spine2
  m_TagString: Untagged
  m_Icon: {fileID: 0}
  m_NavMeshLayer: 0
  m_StaticEditorFlags: 0
  m_IsActive: 1
--- !u!4 &4532405440598684
Transform:
  m_CorrespondingSourceObject: {fileID: 0}
  m_PrefabInstance: {fileID: 100100000}
  m_PrefabAsset: {fileID: 0}
  m_GameObject: {fileID: 1537762925042354}
  m_LocalRotation: {x: -7.450581E-09, y: 0, z: 0, w: 1}
  m_LocalPosition: {x: 0, y: 0.001508224, z: 3.72529E-11}
  m_LocalScale: {x: 1, y: 1, z: 1}
  m_Children:
  - {fileID: 4251480932186715}
  - {fileID: 4841490067605998}
  - {fileID: 4928307312979078}
  m_Father: {fileID: 4758446388422846}
  m_RootOrder: 0
  m_LocalEulerAnglesHint: {x: -8.537737E-07, y: 0, z: 0}
--- !u!1 &1363260955319562
GameObject:
  m_CorrespondingSourceObject: {fileID: 0}
  m_PrefabInstance: {fileID: 100100000}
  m_PrefabAsset: {fileID: 0}
  serializedVersion: 5
  m_Component:
  - component: {fileID: 4251480932186715}
  m_Layer: 0
  m_Name: LeftShoulder
  m_TagString: Untagged
  m_Icon: {fileID: 0}
  m_NavMeshLayer: 0
  m_StaticEditorFlags: 0
  m_IsActive: 1
--- !u!4 &4251480932186715
Transform:
  m_CorrespondingSourceObject: {fileID: 0}
  m_PrefabInstance: {fileID: 100100000}
  m_PrefabAsset: {fileID: 0}
  m_GameObject: {fileID: 1363260955319562}
  m_LocalRotation: {x: 0.564289, y: -0.4188665, z: 0.5860068, w: 0.4033918}
  m_LocalPosition: {x: -0.0007651657, y: 0.001433652, z: -2.895359E-05}
  m_LocalScale: {x: 0.9999998, y: 0.9999999, z: 1}
  m_Children:
  - {fileID: 4191890673518726}
  m_Father: {fileID: 4532405440598684}
  m_RootOrder: 0
  m_LocalEulerAnglesHint: {x: -71.02925, y: 87.83909, z: -179.9131}
--- !u!1 &1664704278662407
GameObject:
  m_CorrespondingSourceObject: {fileID: 0}
  m_PrefabInstance: {fileID: 100100000}
  m_PrefabAsset: {fileID: 0}
  serializedVersion: 5
  m_Component:
  - component: {fileID: 4191890673518726}
  m_Layer: 0
  m_Name: LeftArm
  m_TagString: Untagged
  m_Icon: {fileID: 0}
  m_NavMeshLayer: 0
  m_StaticEditorFlags: 0
  m_IsActive: 1
--- !u!4 &4191890673518726
Transform:
  m_CorrespondingSourceObject: {fileID: 0}
  m_PrefabInstance: {fileID: 100100000}
  m_PrefabAsset: {fileID: 0}
  m_GameObject: {fileID: 1664704278662407}
  m_LocalRotation: {x: 0.3363049, y: -0.04737151, z: 0.0169408, w: 0.9404084}
  m_LocalPosition: {x: -8.381903E-11, y: 0.001607736, z: 6.00703E-10}
  m_LocalScale: {x: 1, y: 0.9999999, z: 0.9999999}
  m_Children:
  - {fileID: 4540213937487834}
  m_Father: {fileID: 4251480932186715}
  m_RootOrder: 0
  m_LocalEulerAnglesHint: {x: 39.35571, y: 5.767484, z: 5.664288E-07}
--- !u!1 &1828349707699448
GameObject:
  m_CorrespondingSourceObject: {fileID: 0}
  m_PrefabInstance: {fileID: 100100000}
  m_PrefabAsset: {fileID: 0}
  serializedVersion: 5
  m_Component:
  - component: {fileID: 4540213937487834}
  m_Layer: 0
  m_Name: LeftForeArm
  m_TagString: Untagged
  m_Icon: {fileID: 0}
  m_NavMeshLayer: 0
  m_StaticEditorFlags: 0
  m_IsActive: 1
--- !u!4 &4540213937487834
Transform:
  m_CorrespondingSourceObject: {fileID: 0}
  m_PrefabInstance: {fileID: 100100000}
  m_PrefabAsset: {fileID: 0}
  m_GameObject: {fileID: 1828349707699448}
  m_LocalRotation: {x: -0.006960675, y: 2.944178E-05, z: -0.004249124, w: 0.9999667}
  m_LocalPosition: {x: -5.587935E-11, y: 0.00334694, z: 6.248592E-10}
  m_LocalScale: {x: 1, y: 0.9999999, z: 0.9999999}
  m_Children:
  - {fileID: 4981490306144748}
  m_Father: {fileID: 4191890673518726}
  m_RootOrder: 0
  m_LocalEulerAnglesHint: {x: -0.7976481, y: 1.558114E-05, z: 0.4869269}
--- !u!1 &1810032212518962
GameObject:
  m_CorrespondingSourceObject: {fileID: 0}
  m_PrefabInstance: {fileID: 100100000}
  m_PrefabAsset: {fileID: 0}
  serializedVersion: 5
  m_Component:
  - component: {fileID: 4981490306144748}
  m_Layer: 0
  m_Name: LeftHand
  m_TagString: Untagged
  m_Icon: {fileID: 0}
  m_NavMeshLayer: 0
  m_StaticEditorFlags: 0
  m_IsActive: 1
--- !u!4 &4981490306144748
Transform:
  m_CorrespondingSourceObject: {fileID: 0}
  m_PrefabInstance: {fileID: 100100000}
  m_PrefabAsset: {fileID: 0}
  m_GameObject: {fileID: 1810032212518962}
  m_LocalRotation: {x: -0.06455994, y: 0.02832363, z: 0.01262294, w: 0.9974319}
  m_LocalPosition: {x: -8.440111E-12, y: 0.002737132, z: 1.161243E-10}
  m_LocalScale: {x: 1, y: 1, z: 0.9999999}
  m_Children:
  - {fileID: 4982820791942412}
  - {fileID: 4442193985058534}
  - {fileID: 4892579987388086}
  - {fileID: 4680758765576205}
  - {fileID: 4249379265325976}
  m_Father: {fileID: 4540213937487834}
  m_RootOrder: 0
  m_LocalEulerAnglesHint: {x: -7.3708, y: -3.332578, z: -1.235414}
--- !u!1 &1475211888136411
GameObject:
  m_CorrespondingSourceObject: {fileID: 0}
  m_PrefabInstance: {fileID: 100100000}
  m_PrefabAsset: {fileID: 0}
  serializedVersion: 5
  m_Component:
  - component: {fileID: 4982820791942412}
  m_Layer: 0
  m_Name: LeftHandIndex1
  m_TagString: Untagged
  m_Icon: {fileID: 0}
  m_NavMeshLayer: 0
  m_StaticEditorFlags: 0
  m_IsActive: 1
--- !u!4 &4982820791942412
Transform:
  m_CorrespondingSourceObject: {fileID: 0}
  m_PrefabInstance: {fileID: 100100000}
  m_PrefabAsset: {fileID: 0}
  m_GameObject: {fileID: 1475211888136411}
  m_LocalRotation: {x: 0.0328282, y: -0.001456528, z: -0.1097009, w: 0.9934213}
  m_LocalPosition: {x: 0.0003959242, y: 0.001110128, z: -4.872219E-05}
  m_LocalScale: {x: 0.9999999, y: 0.9999999, z: 1}
  m_Children:
  - {fileID: 4781170583274960}
  m_Father: {fileID: 4981490306144748}
  m_RootOrder: 0
  m_LocalEulerAnglesHint: {x: 3.758126, y: -0.2468698, z: 12.59489}
--- !u!1 &1826945908698717
GameObject:
  m_CorrespondingSourceObject: {fileID: 0}
  m_PrefabInstance: {fileID: 100100000}
  m_PrefabAsset: {fileID: 0}
  serializedVersion: 5
  m_Component:
  - component: {fileID: 4781170583274960}
  m_Layer: 0
  m_Name: LeftHandIndex2
  m_TagString: Untagged
  m_Icon: {fileID: 0}
  m_NavMeshLayer: 0
  m_StaticEditorFlags: 0
  m_IsActive: 1
--- !u!4 &4781170583274960
Transform:
  m_CorrespondingSourceObject: {fileID: 0}
  m_PrefabInstance: {fileID: 100100000}
  m_PrefabAsset: {fileID: 0}
  m_GameObject: {fileID: 1826945908698717}
  m_LocalRotation: {x: 0.068848, y: 0.06095866, z: 0.01544265, w: 0.9956433}
  m_LocalPosition: {x: -9.313226E-12, y: 0.0005313428, z: 4.976755E-10}
  m_LocalScale: {x: 0.9999999, y: 1, z: 1}
  m_Children:
  - {fileID: 4048769095872238}
  m_Father: {fileID: 4982820791942412}
  m_RootOrder: 0
  m_LocalEulerAnglesHint: {x: 8.046563, y: -6.849383, z: -2.259522}
--- !u!1 &1839125797565443
GameObject:
  m_CorrespondingSourceObject: {fileID: 0}
  m_PrefabInstance: {fileID: 100100000}
  m_PrefabAsset: {fileID: 0}
  serializedVersion: 5
  m_Component:
  - component: {fileID: 4048769095872238}
  m_Layer: 0
  m_Name: LeftHandIndex3
  m_TagString: Untagged
  m_Icon: {fileID: 0}
  m_NavMeshLayer: 0
  m_StaticEditorFlags: 0
  m_IsActive: 1
--- !u!4 &4048769095872238
Transform:
  m_CorrespondingSourceObject: {fileID: 0}
  m_PrefabInstance: {fileID: 100100000}
  m_PrefabAsset: {fileID: 0}
  m_GameObject: {fileID: 1839125797565443}
  m_LocalRotation: {x: 0.004823898, y: -0.0565337, z: 0.005756807, w: 0.9983725}
  m_LocalPosition: {x: -1.396984E-10, y: 0.0003363435, z: 2.095476E-10}
  m_LocalScale: {x: 1, y: 0.9999999, z: 0.9999999}
  m_Children: []
  m_Father: {fileID: 4781170583274960}
  m_RootOrder: 0
  m_LocalEulerAnglesHint: {x: 0.5179047, y: 6.484758, z: -0.6314096}
--- !u!1 &1591106537154083
GameObject:
  m_CorrespondingSourceObject: {fileID: 0}
  m_PrefabInstance: {fileID: 100100000}
  m_PrefabAsset: {fileID: 0}
  serializedVersion: 5
  m_Component:
  - component: {fileID: 4442193985058534}
  m_Layer: 0
  m_Name: LeftHandMiddle1
  m_TagString: Untagged
  m_Icon: {fileID: 0}
  m_NavMeshLayer: 0
  m_StaticEditorFlags: 0
  m_IsActive: 1
--- !u!4 &4442193985058534
Transform:
  m_CorrespondingSourceObject: {fileID: 0}
  m_PrefabInstance: {fileID: 100100000}
  m_PrefabAsset: {fileID: 0}
  m_GameObject: {fileID: 1591106537154083}
  m_LocalRotation: {x: -0.02467053, y: -0.001062267, z: -0.06158492, w: 0.9977964}
  m_LocalPosition: {x: 0.0001167139, y: 0.001193551, z: -4.549058E-05}
  m_LocalScale: {x: 1, y: 0.9999999, z: 1}
  m_Children:
  - {fileID: 4348573579710358}
  m_Father: {fileID: 4981490306144748}
  m_RootOrder: 1
  m_LocalEulerAnglesHint: {x: -2.814477, y: 0.2955625, z: 7.056476}
--- !u!1 &1196992998274605
GameObject:
  m_CorrespondingSourceObject: {fileID: 0}
  m_PrefabInstance: {fileID: 100100000}
  m_PrefabAsset: {fileID: 0}
  serializedVersion: 5
  m_Component:
  - component: {fileID: 4348573579710358}
  m_Layer: 0
  m_Name: LeftHandMiddle2
  m_TagString: Untagged
  m_Icon: {fileID: 0}
  m_NavMeshLayer: 0
  m_StaticEditorFlags: 0
  m_IsActive: 1
--- !u!4 &4348573579710358
Transform:
  m_CorrespondingSourceObject: {fileID: 0}
  m_PrefabInstance: {fileID: 100100000}
  m_PrefabAsset: {fileID: 0}
  m_GameObject: {fileID: 1196992998274605}
  m_LocalRotation: {x: 0.1344711, y: 0.002788169, z: 0.0007806163, w: 0.9909133}
  m_LocalPosition: {x: 5.587935E-11, y: 0.0005321104, z: 4.703179E-10}
  m_LocalScale: {x: 0.9999999, y: 0.9999999, z: 1}
  m_Children:
  - {fileID: 4222186103314169}
  m_Father: {fileID: 4442193985058534}
  m_RootOrder: 0
  m_LocalEulerAnglesHint: {x: 15.45649, y: -0.3045701, z: -0.1316048}
--- !u!1 &1475692441858113
GameObject:
  m_CorrespondingSourceObject: {fileID: 0}
  m_PrefabInstance: {fileID: 100100000}
  m_PrefabAsset: {fileID: 0}
  serializedVersion: 5
  m_Component:
  - component: {fileID: 4222186103314169}
  m_Layer: 0
  m_Name: LeftHandMiddle3
  m_TagString: Untagged
  m_Icon: {fileID: 0}
  m_NavMeshLayer: 0
  m_StaticEditorFlags: 0
  m_IsActive: 1
--- !u!4 &4222186103314169
Transform:
  m_CorrespondingSourceObject: {fileID: 0}
  m_PrefabInstance: {fileID: 100100000}
  m_PrefabAsset: {fileID: 0}
  m_GameObject: {fileID: 1475692441858113}
  m_LocalRotation: {x: 0.0108704, y: 0.00647989, z: 0.005190652, w: 0.9999065}
  m_LocalPosition: {x: 6.519258E-11, y: 0.0003608368, z: 3.981404E-10}
  m_LocalScale: {x: 0.9999998, y: 0.9999999, z: 1}
  m_Children: []
  m_Father: {fileID: 4348573579710358}
  m_RootOrder: 0
  m_LocalEulerAnglesHint: {x: 1.249596, y: -0.7360258, z: -0.6028818}
--- !u!1 &1700928341288724
GameObject:
  m_CorrespondingSourceObject: {fileID: 0}
  m_PrefabInstance: {fileID: 100100000}
  m_PrefabAsset: {fileID: 0}
  serializedVersion: 5
  m_Component:
  - component: {fileID: 4892579987388086}
  m_Layer: 0
  m_Name: LeftHandPinky1
  m_TagString: Untagged
  m_Icon: {fileID: 0}
  m_NavMeshLayer: 0
  m_StaticEditorFlags: 0
  m_IsActive: 1
--- !u!4 &4892579987388086
Transform:
  m_CorrespondingSourceObject: {fileID: 0}
  m_PrefabInstance: {fileID: 100100000}
  m_PrefabAsset: {fileID: 0}
  m_GameObject: {fileID: 1700928341288724}
  m_LocalRotation: {x: 0.04452915, y: 0.006246476, z: 0.06025362, w: 0.9971699}
  m_LocalPosition: {x: -0.0004848002, y: 0.001125915, z: -7.299225E-05}
  m_LocalScale: {x: 1, y: 1, z: 0.9999999}
  m_Children:
  - {fileID: 4523749499968521}
  m_Father: {fileID: 4981490306144748}
  m_RootOrder: 2
  m_LocalEulerAnglesHint: {x: 5.138366, y: -0.406317, z: -6.933977}
--- !u!1 &1642491799252144
GameObject:
  m_CorrespondingSourceObject: {fileID: 0}
  m_PrefabInstance: {fileID: 100100000}
  m_PrefabAsset: {fileID: 0}
  serializedVersion: 5
  m_Component:
  - component: {fileID: 4523749499968521}
  m_Layer: 0
  m_Name: LeftHandPinky2
  m_TagString: Untagged
  m_Icon: {fileID: 0}
  m_NavMeshLayer: 0
  m_StaticEditorFlags: 0
  m_IsActive: 1
--- !u!4 &4523749499968521
Transform:
  m_CorrespondingSourceObject: {fileID: 0}
  m_PrefabInstance: {fileID: 100100000}
  m_PrefabAsset: {fileID: 0}
  m_GameObject: {fileID: 1642491799252144}
  m_LocalRotation: {x: 0.0658683, y: 0.008357832, z: -0.05048659, w: 0.9965153}
  m_LocalPosition: {x: 0, y: 0.0003962574, z: 1.862645E-10}
  m_LocalScale: {x: 0.9999999, y: 0.9999999, z: 0.9999999}
  m_Children:
  - {fileID: 4481211443510408}
  m_Father: {fileID: 4892579987388086}
  m_RootOrder: 0
  m_LocalEulerAnglesHint: {x: 7.496697, y: -1.335591, z: 5.713103}
--- !u!1 &1475197535380420
GameObject:
  m_CorrespondingSourceObject: {fileID: 0}
  m_PrefabInstance: {fileID: 100100000}
  m_PrefabAsset: {fileID: 0}
  serializedVersion: 5
  m_Component:
  - component: {fileID: 4481211443510408}
  m_Layer: 0
  m_Name: LeftHandPinky3
  m_TagString: Untagged
  m_Icon: {fileID: 0}
  m_NavMeshLayer: 0
  m_StaticEditorFlags: 0
  m_IsActive: 1
--- !u!4 &4481211443510408
Transform:
  m_CorrespondingSourceObject: {fileID: 0}
  m_PrefabInstance: {fileID: 100100000}
  m_PrefabAsset: {fileID: 0}
  m_GameObject: {fileID: 1475197535380420}
  m_LocalRotation: {x: 0.01700366, y: 0.001337228, z: 0.0602625, w: 0.9980369}
  m_LocalPosition: {x: 5.587935E-11, y: 0.000244516, z: 8.009374E-10}
  m_LocalScale: {x: 1, y: 1, z: 1}
  m_Children: []
  m_Father: {fileID: 4523749499968521}
  m_RootOrder: 0
  m_LocalEulerAnglesHint: {x: 1.954264, y: -0.03551422, z: -6.911372}
--- !u!1 &1104814330169561
GameObject:
  m_CorrespondingSourceObject: {fileID: 0}
  m_PrefabInstance: {fileID: 100100000}
  m_PrefabAsset: {fileID: 0}
  serializedVersion: 5
  m_Component:
  - component: {fileID: 4680758765576205}
  m_Layer: 0
  m_Name: LeftHandRing1
  m_TagString: Untagged
  m_Icon: {fileID: 0}
  m_NavMeshLayer: 0
  m_StaticEditorFlags: 0
  m_IsActive: 1
--- !u!4 &4680758765576205
Transform:
  m_CorrespondingSourceObject: {fileID: 0}
  m_PrefabInstance: {fileID: 100100000}
  m_PrefabAsset: {fileID: 0}
  m_GameObject: {fileID: 1104814330169561}
  m_LocalRotation: {x: -0.02009922, y: 0.0002687894, z: -0.01645699, w: 0.9996625}
  m_LocalPosition: {x: -0.0001754799, y: 0.0012459, z: -3.304211E-05}
  m_LocalScale: {x: 1, y: 0.9999999, z: 0.9999999}
  m_Children:
  - {fileID: 4537852602474557}
  m_Father: {fileID: 4981490306144748}
  m_RootOrder: 3
  m_LocalEulerAnglesHint: {x: -2.303552, y: 0.007113159, z: 1.886155}
--- !u!1 &1866869275589288
GameObject:
  m_CorrespondingSourceObject: {fileID: 0}
  m_PrefabInstance: {fileID: 100100000}
  m_PrefabAsset: {fileID: 0}
  serializedVersion: 5
  m_Component:
  - component: {fileID: 4537852602474557}
  m_Layer: 0
  m_Name: LeftHandRing2
  m_TagString: Untagged
  m_Icon: {fileID: 0}
  m_NavMeshLayer: 0
  m_StaticEditorFlags: 0
  m_IsActive: 1
--- !u!4 &4537852602474557
Transform:
  m_CorrespondingSourceObject: {fileID: 0}
  m_PrefabInstance: {fileID: 100100000}
  m_PrefabAsset: {fileID: 0}
  m_GameObject: {fileID: 1866869275589288}
  m_LocalRotation: {x: 0.1263431, y: -0.006201714, z: 0.008348563, w: 0.9919321}
  m_LocalPosition: {x: 3.259629E-11, y: 0.0004996673, z: 7.916242E-10}
  m_LocalScale: {x: 0.9999999, y: 0.9999999, z: 0.9999998}
  m_Children:
  - {fileID: 4243656781327696}
  m_Father: {fileID: 4680758765576205}
  m_RootOrder: 0
  m_LocalEulerAnglesHint: {x: 14.51124, y: 0.8258284, z: -0.8592904}
--- !u!1 &1442127656812206
GameObject:
  m_CorrespondingSourceObject: {fileID: 0}
  m_PrefabInstance: {fileID: 100100000}
  m_PrefabAsset: {fileID: 0}
  serializedVersion: 5
  m_Component:
  - component: {fileID: 4243656781327696}
  m_Layer: 0
  m_Name: LeftHandRing3
  m_TagString: Untagged
  m_Icon: {fileID: 0}
  m_NavMeshLayer: 0
  m_StaticEditorFlags: 0
  m_IsActive: 1
--- !u!4 &4243656781327696
Transform:
  m_CorrespondingSourceObject: {fileID: 0}
  m_PrefabInstance: {fileID: 100100000}
  m_PrefabAsset: {fileID: 0}
  m_GameObject: {fileID: 1442127656812206}
  m_LocalRotation: {x: 0.0702593, y: 0.003492803, z: -0.006474868, w: 0.9975016}
  m_LocalPosition: {x: 1.862645E-11, y: 0.0003218372, z: 1.052395E-09}
  m_LocalScale: {x: 1, y: 1, z: 1}
  m_Children: []
  m_Father: {fileID: 4537852602474557}
  m_RootOrder: 0
  m_LocalEulerAnglesHint: {x: 8.055174, y: -0.4513804, z: 0.712031}
--- !u!1 &1262933309509272
GameObject:
  m_CorrespondingSourceObject: {fileID: 0}
  m_PrefabInstance: {fileID: 100100000}
  m_PrefabAsset: {fileID: 0}
  serializedVersion: 5
  m_Component:
  - component: {fileID: 4249379265325976}
  m_Layer: 0
  m_Name: LeftHandThumb1
  m_TagString: Untagged
  m_Icon: {fileID: 0}
  m_NavMeshLayer: 0
  m_StaticEditorFlags: 0
  m_IsActive: 1
--- !u!4 &4249379265325976
Transform:
  m_CorrespondingSourceObject: {fileID: 0}
  m_PrefabInstance: {fileID: 100100000}
  m_PrefabAsset: {fileID: 0}
  m_GameObject: {fileID: 1262933309509272}
  m_LocalRotation: {x: 0.07079149, y: -0.01780455, z: -0.3140002, w: 0.9466126}
  m_LocalPosition: {x: 0.0004962923, y: 0.000414949, z: 0.0001519249}
  m_LocalScale: {x: 1, y: 1, z: 1}
  m_Children:
  - {fileID: 4021595100684092}
  m_Father: {fileID: 4981490306144748}
  m_RootOrder: 4
  m_LocalEulerAnglesHint: {x: 8.349666, y: -0.6158877, z: 36.65737}
--- !u!1 &1391763709260898
GameObject:
  m_CorrespondingSourceObject: {fileID: 0}
  m_PrefabInstance: {fileID: 100100000}
  m_PrefabAsset: {fileID: 0}
  serializedVersion: 5
  m_Component:
  - component: {fileID: 4021595100684092}
  m_Layer: 0
  m_Name: LeftHandThumb2
  m_TagString: Untagged
  m_Icon: {fileID: 0}
  m_NavMeshLayer: 0
  m_StaticEditorFlags: 0
  m_IsActive: 1
--- !u!4 &4021595100684092
Transform:
  m_CorrespondingSourceObject: {fileID: 0}
  m_PrefabInstance: {fileID: 100100000}
  m_PrefabAsset: {fileID: 0}
  m_GameObject: {fileID: 1391763709260898}
  m_LocalRotation: {x: -0.05537032, y: 0.1904618, z: 0.1333903, w: 0.9710127}
  m_LocalPosition: {x: 1.490116E-10, y: 0.0005678562, z: 5.972106E-10}
  m_LocalScale: {x: 0.9999999, y: 1, z: 0.9999999}
  m_Children:
  - {fileID: 4719030610157116}
  m_Father: {fileID: 4249379265325976}
  m_RootOrder: 0
  m_LocalEulerAnglesHint: {x: -3.522855, y: -22.62222, z: -14.93893}
--- !u!1 &1488399214250726
GameObject:
  m_CorrespondingSourceObject: {fileID: 0}
  m_PrefabInstance: {fileID: 100100000}
  m_PrefabAsset: {fileID: 0}
  serializedVersion: 5
  m_Component:
  - component: {fileID: 4719030610157116}
  m_Layer: 0
  m_Name: LeftHandThumb3
  m_TagString: Untagged
  m_Icon: {fileID: 0}
  m_NavMeshLayer: 0
  m_StaticEditorFlags: 0
  m_IsActive: 1
--- !u!4 &4719030610157116
Transform:
  m_CorrespondingSourceObject: {fileID: 0}
  m_PrefabInstance: {fileID: 100100000}
  m_PrefabAsset: {fileID: 0}
  m_GameObject: {fileID: 1488399214250726}
  m_LocalRotation: {x: 0.05808686, y: -0.2374264, z: 0.09560586, w: 0.9649426}
  m_LocalPosition: {x: 2.980232E-10, y: 0.0004628993, z: 1.071021E-09}
  m_LocalScale: {x: 0.9999999, y: 1, z: 0.9999999}
  m_Children: []
  m_Father: {fileID: 4021595100684092}
  m_RootOrder: 0
  m_LocalEulerAnglesHint: {x: 4.33212, y: 27.98969, z: -10.23653}
--- !u!1 &1799117507893861
GameObject:
  m_CorrespondingSourceObject: {fileID: 0}
  m_PrefabInstance: {fileID: 100100000}
  m_PrefabAsset: {fileID: 0}
  serializedVersion: 5
  m_Component:
  - component: {fileID: 4841490067605998}
  m_Layer: 0
  m_Name: Neck
  m_TagString: Untagged
  m_Icon: {fileID: 0}
  m_NavMeshLayer: 0
  m_StaticEditorFlags: 0
  m_IsActive: 1
--- !u!4 &4841490067605998
Transform:
  m_CorrespondingSourceObject: {fileID: 0}
  m_PrefabInstance: {fileID: 100100000}
  m_PrefabAsset: {fileID: 0}
  m_GameObject: {fileID: 1799117507893861}
  m_LocalRotation: {x: 0.3464198, y: -0.008183272, z: 0.02607788, w: 0.9376814}
  m_LocalPosition: {x: 0, y: 0.001648936, z: 1.490116E-10}
  m_LocalScale: {x: 1, y: 1, z: 1}
  m_Children:
  - {fileID: 4780338559407278}
  m_Father: {fileID: 4532405440598684}
  m_RootOrder: 1
  m_LocalEulerAnglesHint: {x: 40.51135, y: 1.91486, z: -2.479386}
--- !u!1 &1084545081406056
GameObject:
  m_CorrespondingSourceObject: {fileID: 0}
  m_PrefabInstance: {fileID: 100100000}
  m_PrefabAsset: {fileID: 0}
  serializedVersion: 5
  m_Component:
  - component: {fileID: 4780338559407278}
  m_Layer: 0
  m_Name: Head
  m_TagString: Untagged
  m_Icon: {fileID: 0}
  m_NavMeshLayer: 0
  m_StaticEditorFlags: 0
  m_IsActive: 1
--- !u!4 &4780338559407278
Transform:
  m_CorrespondingSourceObject: {fileID: 0}
  m_PrefabInstance: {fileID: 100100000}
  m_PrefabAsset: {fileID: 0}
  m_GameObject: {fileID: 1084545081406056}
  m_LocalRotation: {x: -0.05980508, y: 0.7036073, z: -0.09838303, w: 0.7011996}
  m_LocalPosition: {x: 9.080395E-11, y: 0.0007881559, z: 6.612572E-10}
  m_LocalScale: {x: 0.9999998, y: 0.9999997, z: 0.9999998}
  m_Children:
  - {fileID: 4560677747565435}
  m_Father: {fileID: 4841490067605998}
  m_RootOrder: 0
  m_LocalEulerAnglesHint: {x: -89.29899, y: -77.15388, z: 92.44504}
--- !u!1 &1469861896374578
GameObject:
  m_CorrespondingSourceObject: {fileID: 0}
  m_PrefabInstance: {fileID: 100100000}
  m_PrefabAsset: {fileID: 0}
  serializedVersion: 5
  m_Component:
  - component: {fileID: 4560677747565435}
  m_Layer: 0
  m_Name: Jaw
  m_TagString: Untagged
  m_Icon: {fileID: 0}
  m_NavMeshLayer: 0
  m_StaticEditorFlags: 0
  m_IsActive: 1
--- !u!4 &4560677747565435
Transform:
  m_CorrespondingSourceObject: {fileID: 0}
  m_PrefabInstance: {fileID: 100100000}
  m_PrefabAsset: {fileID: 0}
  m_GameObject: {fileID: 1469861896374578}
  m_LocalRotation: {x: 0.5269498, y: -0.4715124, z: 0.5269492, w: 0.471513}
  m_LocalPosition: {x: -0.0005369454, y: 0.0006834973, z: -5.525688E-10}
  m_LocalScale: {x: 1, y: 1, z: 1}
  m_Children: []
  m_Father: {fileID: 4780338559407278}
  m_RootOrder: 0
  m_LocalEulerAnglesHint: {x: 96.35585, y: 89.99993, z: 0}
--- !u!1 &1612849087677399
GameObject:
  m_CorrespondingSourceObject: {fileID: 0}
  m_PrefabInstance: {fileID: 100100000}
  m_PrefabAsset: {fileID: 0}
  serializedVersion: 5
  m_Component:
  - component: {fileID: 4928307312979078}
  m_Layer: 0
  m_Name: RightShoulder
  m_TagString: Untagged
  m_Icon: {fileID: 0}
  m_NavMeshLayer: 0
  m_StaticEditorFlags: 0
  m_IsActive: 1
--- !u!4 &4928307312979078
Transform:
  m_CorrespondingSourceObject: {fileID: 0}
  m_PrefabInstance: {fileID: 100100000}
  m_PrefabAsset: {fileID: 0}
  m_GameObject: {fileID: 1612849087677399}
  m_LocalRotation: {x: -0.564289, y: -0.4188665, z: 0.5860068, w: -0.4033918}
  m_LocalPosition: {x: 0.0007651657, y: 0.001433652, z: -2.895359E-05}
  m_LocalScale: {x: 0.9999998, y: 0.9999999, z: 1}
  m_Children:
  - {fileID: 4222592548333505}
  m_Father: {fileID: 4532405440598684}
  m_RootOrder: 2
  m_LocalEulerAnglesHint: {x: -71.02925, y: -87.83909, z: 179.9131}
--- !u!1 &1664981434948222
GameObject:
  m_CorrespondingSourceObject: {fileID: 0}
  m_PrefabInstance: {fileID: 100100000}
  m_PrefabAsset: {fileID: 0}
  serializedVersion: 5
  m_Component:
  - component: {fileID: 4222592548333505}
  m_Layer: 0
  m_Name: RightArm
  m_TagString: Untagged
  m_Icon: {fileID: 0}
  m_NavMeshLayer: 0
  m_StaticEditorFlags: 0
  m_IsActive: 1
--- !u!4 &4222592548333505
Transform:
  m_CorrespondingSourceObject: {fileID: 0}
  m_PrefabInstance: {fileID: 100100000}
  m_PrefabAsset: {fileID: 0}
  m_GameObject: {fileID: 1664981434948222}
  m_LocalRotation: {x: 0.3363049, y: 0.04737151, z: -0.0169408, w: 0.9404084}
  m_LocalPosition: {x: 8.381903E-11, y: 0.001607736, z: 6.00703E-10}
  m_LocalScale: {x: 1, y: 0.9999999, z: 0.9999999}
  m_Children:
  - {fileID: 4963222471402506}
  m_Father: {fileID: 4928307312979078}
  m_RootOrder: 0
  m_LocalEulerAnglesHint: {x: 39.35571, y: -5.767484, z: -5.664288E-07}
--- !u!1 &1656050289768094
GameObject:
  m_CorrespondingSourceObject: {fileID: 0}
  m_PrefabInstance: {fileID: 100100000}
  m_PrefabAsset: {fileID: 0}
  serializedVersion: 5
  m_Component:
  - component: {fileID: 4963222471402506}
  m_Layer: 0
  m_Name: RightForeArm
  m_TagString: Untagged
  m_Icon: {fileID: 0}
  m_NavMeshLayer: 0
  m_StaticEditorFlags: 0
  m_IsActive: 1
--- !u!4 &4963222471402506
Transform:
  m_CorrespondingSourceObject: {fileID: 0}
  m_PrefabInstance: {fileID: 100100000}
  m_PrefabAsset: {fileID: 0}
  m_GameObject: {fileID: 1656050289768094}
  m_LocalRotation: {x: -0.006960675, y: -2.944178E-05, z: 0.004249124, w: 0.9999667}
  m_LocalPosition: {x: 5.587935E-11, y: 0.00334694, z: 6.248592E-10}
  m_LocalScale: {x: 1, y: 0.9999999, z: 0.9999999}
  m_Children:
  - {fileID: 4619319277879778}
  m_Father: {fileID: 4222592548333505}
  m_RootOrder: 0
  m_LocalEulerAnglesHint: {x: -0.7976481, y: -1.558114E-05, z: -0.4869269}
--- !u!1 &1824341649078161
GameObject:
  m_CorrespondingSourceObject: {fileID: 0}
  m_PrefabInstance: {fileID: 100100000}
  m_PrefabAsset: {fileID: 0}
  serializedVersion: 5
  m_Component:
  - component: {fileID: 4619319277879778}
  m_Layer: 0
  m_Name: RightHand
  m_TagString: Untagged
  m_Icon: {fileID: 0}
  m_NavMeshLayer: 0
  m_StaticEditorFlags: 0
  m_IsActive: 1
--- !u!4 &4619319277879778
Transform:
  m_CorrespondingSourceObject: {fileID: 0}
  m_PrefabInstance: {fileID: 100100000}
  m_PrefabAsset: {fileID: 0}
  m_GameObject: {fileID: 1824341649078161}
  m_LocalRotation: {x: -0.06455994, y: -0.02832363, z: -0.01262294, w: 0.9974319}
  m_LocalPosition: {x: 8.440111E-12, y: 0.002737132, z: 1.161243E-10}
  m_LocalScale: {x: 1, y: 1, z: 0.9999999}
  m_Children:
  - {fileID: 4846594743638410}
  - {fileID: 4782388929709264}
  - {fileID: 4674521143358954}
  - {fileID: 4237878415930725}
  - {fileID: 4190704128520652}
  m_Father: {fileID: 4963222471402506}
  m_RootOrder: 0
  m_LocalEulerAnglesHint: {x: -7.3708, y: 3.332578, z: 1.235414}
--- !u!1 &1527967159434767
GameObject:
  m_CorrespondingSourceObject: {fileID: 0}
  m_PrefabInstance: {fileID: 100100000}
  m_PrefabAsset: {fileID: 0}
  serializedVersion: 5
  m_Component:
  - component: {fileID: 4846594743638410}
  m_Layer: 0
  m_Name: RightHandIndex1
  m_TagString: Untagged
  m_Icon: {fileID: 0}
  m_NavMeshLayer: 0
  m_StaticEditorFlags: 0
  m_IsActive: 1
--- !u!4 &4846594743638410
Transform:
  m_CorrespondingSourceObject: {fileID: 0}
  m_PrefabInstance: {fileID: 100100000}
  m_PrefabAsset: {fileID: 0}
  m_GameObject: {fileID: 1527967159434767}
  m_LocalRotation: {x: 0.0328282, y: 0.001456528, z: 0.1097009, w: 0.9934213}
  m_LocalPosition: {x: -0.0003959242, y: 0.001110128, z: -4.872219E-05}
  m_LocalScale: {x: 0.9999999, y: 0.9999999, z: 1}
  m_Children:
  - {fileID: 4684381314245600}
  m_Father: {fileID: 4619319277879778}
  m_RootOrder: 0
  m_LocalEulerAnglesHint: {x: 3.758126, y: 0.2468698, z: -12.59489}
--- !u!1 &1854245811558633
GameObject:
  m_CorrespondingSourceObject: {fileID: 0}
  m_PrefabInstance: {fileID: 100100000}
  m_PrefabAsset: {fileID: 0}
  serializedVersion: 5
  m_Component:
  - component: {fileID: 4684381314245600}
  m_Layer: 0
  m_Name: RightHandIndex2
  m_TagString: Untagged
  m_Icon: {fileID: 0}
  m_NavMeshLayer: 0
  m_StaticEditorFlags: 0
  m_IsActive: 1
--- !u!4 &4684381314245600
Transform:
  m_CorrespondingSourceObject: {fileID: 0}
  m_PrefabInstance: {fileID: 100100000}
  m_PrefabAsset: {fileID: 0}
  m_GameObject: {fileID: 1854245811558633}
  m_LocalRotation: {x: 0.068848, y: -0.06095866, z: -0.01544265, w: 0.9956433}
  m_LocalPosition: {x: 9.313226E-12, y: 0.0005313428, z: 4.976755E-10}
  m_LocalScale: {x: 0.9999999, y: 1, z: 1}
  m_Children:
  - {fileID: 4818654908027975}
  m_Father: {fileID: 4846594743638410}
  m_RootOrder: 0
  m_LocalEulerAnglesHint: {x: 8.046563, y: 6.849383, z: 2.259522}
--- !u!1 &1380317331883954
GameObject:
  m_CorrespondingSourceObject: {fileID: 0}
  m_PrefabInstance: {fileID: 100100000}
  m_PrefabAsset: {fileID: 0}
  serializedVersion: 5
  m_Component:
  - component: {fileID: 4818654908027975}
  m_Layer: 0
  m_Name: RightHandIndex3
  m_TagString: Untagged
  m_Icon: {fileID: 0}
  m_NavMeshLayer: 0
  m_StaticEditorFlags: 0
  m_IsActive: 1
--- !u!4 &4818654908027975
Transform:
  m_CorrespondingSourceObject: {fileID: 0}
  m_PrefabInstance: {fileID: 100100000}
  m_PrefabAsset: {fileID: 0}
  m_GameObject: {fileID: 1380317331883954}
  m_LocalRotation: {x: 0.004823898, y: 0.0565337, z: -0.005756807, w: 0.9983725}
  m_LocalPosition: {x: 1.396984E-10, y: 0.0003363435, z: 2.095476E-10}
  m_LocalScale: {x: 1, y: 0.9999999, z: 0.9999999}
  m_Children: []
  m_Father: {fileID: 4684381314245600}
  m_RootOrder: 0
  m_LocalEulerAnglesHint: {x: 0.5179047, y: -6.484758, z: 0.6314096}
--- !u!1 &1685560763023952
GameObject:
  m_CorrespondingSourceObject: {fileID: 0}
  m_PrefabInstance: {fileID: 100100000}
  m_PrefabAsset: {fileID: 0}
  serializedVersion: 5
  m_Component:
  - component: {fileID: 4782388929709264}
  m_Layer: 0
  m_Name: RightHandMiddle1
  m_TagString: Untagged
  m_Icon: {fileID: 0}
  m_NavMeshLayer: 0
  m_StaticEditorFlags: 0
  m_IsActive: 1
--- !u!4 &4782388929709264
Transform:
  m_CorrespondingSourceObject: {fileID: 0}
  m_PrefabInstance: {fileID: 100100000}
  m_PrefabAsset: {fileID: 0}
  m_GameObject: {fileID: 1685560763023952}
  m_LocalRotation: {x: -0.02467053, y: 0.001062267, z: 0.06158492, w: 0.9977964}
  m_LocalPosition: {x: -0.0001167139, y: 0.001193551, z: -4.549058E-05}
  m_LocalScale: {x: 1, y: 0.9999999, z: 1}
  m_Children:
  - {fileID: 4513653957237447}
  m_Father: {fileID: 4619319277879778}
  m_RootOrder: 1
  m_LocalEulerAnglesHint: {x: -2.814477, y: -0.2955625, z: -7.056476}
--- !u!1 &1149280755672560
GameObject:
  m_CorrespondingSourceObject: {fileID: 0}
  m_PrefabInstance: {fileID: 100100000}
  m_PrefabAsset: {fileID: 0}
  serializedVersion: 5
  m_Component:
  - component: {fileID: 4513653957237447}
  m_Layer: 0
  m_Name: RightHandMiddle2
  m_TagString: Untagged
  m_Icon: {fileID: 0}
  m_NavMeshLayer: 0
  m_StaticEditorFlags: 0
  m_IsActive: 1
--- !u!4 &4513653957237447
Transform:
  m_CorrespondingSourceObject: {fileID: 0}
  m_PrefabInstance: {fileID: 100100000}
  m_PrefabAsset: {fileID: 0}
  m_GameObject: {fileID: 1149280755672560}
  m_LocalRotation: {x: 0.1344711, y: -0.002788169, z: -0.0007806163, w: 0.9909133}
  m_LocalPosition: {x: -5.587935E-11, y: 0.0005321104, z: 4.703179E-10}
  m_LocalScale: {x: 0.9999999, y: 0.9999999, z: 1}
  m_Children:
  - {fileID: 4041489108213377}
  m_Father: {fileID: 4782388929709264}
  m_RootOrder: 0
  m_LocalEulerAnglesHint: {x: 15.45649, y: 0.3045701, z: 0.1316048}
--- !u!1 &1172816694388729
GameObject:
  m_CorrespondingSourceObject: {fileID: 0}
  m_PrefabInstance: {fileID: 100100000}
  m_PrefabAsset: {fileID: 0}
  serializedVersion: 5
  m_Component:
  - component: {fileID: 4041489108213377}
  m_Layer: 0
  m_Name: RightHandMiddle3
  m_TagString: Untagged
  m_Icon: {fileID: 0}
  m_NavMeshLayer: 0
  m_StaticEditorFlags: 0
  m_IsActive: 1
--- !u!4 &4041489108213377
Transform:
  m_CorrespondingSourceObject: {fileID: 0}
  m_PrefabInstance: {fileID: 100100000}
  m_PrefabAsset: {fileID: 0}
  m_GameObject: {fileID: 1172816694388729}
  m_LocalRotation: {x: 0.0108704, y: -0.00647989, z: -0.005190652, w: 0.9999065}
  m_LocalPosition: {x: -6.519258E-11, y: 0.0003608368, z: 3.981404E-10}
  m_LocalScale: {x: 0.9999998, y: 0.9999999, z: 1}
  m_Children: []
  m_Father: {fileID: 4513653957237447}
  m_RootOrder: 0
  m_LocalEulerAnglesHint: {x: 1.249596, y: 0.7360258, z: 0.6028818}
--- !u!1 &1672522474238749
GameObject:
  m_CorrespondingSourceObject: {fileID: 0}
  m_PrefabInstance: {fileID: 100100000}
  m_PrefabAsset: {fileID: 0}
  serializedVersion: 5
  m_Component:
  - component: {fileID: 4674521143358954}
  m_Layer: 0
  m_Name: RightHandPinky1
  m_TagString: Untagged
  m_Icon: {fileID: 0}
  m_NavMeshLayer: 0
  m_StaticEditorFlags: 0
  m_IsActive: 1
--- !u!4 &4674521143358954
Transform:
  m_CorrespondingSourceObject: {fileID: 0}
  m_PrefabInstance: {fileID: 100100000}
  m_PrefabAsset: {fileID: 0}
  m_GameObject: {fileID: 1672522474238749}
  m_LocalRotation: {x: 0.04452915, y: -0.006246476, z: -0.06025362, w: 0.9971699}
  m_LocalPosition: {x: 0.0004848002, y: 0.001125915, z: -7.299225E-05}
  m_LocalScale: {x: 1, y: 1, z: 0.9999999}
  m_Children:
  - {fileID: 4419710070555302}
  m_Father: {fileID: 4619319277879778}
  m_RootOrder: 2
  m_LocalEulerAnglesHint: {x: 5.138366, y: 0.406317, z: 6.933977}
--- !u!1 &1650673005426596
GameObject:
  m_CorrespondingSourceObject: {fileID: 0}
  m_PrefabInstance: {fileID: 100100000}
  m_PrefabAsset: {fileID: 0}
  serializedVersion: 5
  m_Component:
  - component: {fileID: 4419710070555302}
  m_Layer: 0
  m_Name: RightHandPinky2
  m_TagString: Untagged
  m_Icon: {fileID: 0}
  m_NavMeshLayer: 0
  m_StaticEditorFlags: 0
  m_IsActive: 1
--- !u!4 &4419710070555302
Transform:
  m_CorrespondingSourceObject: {fileID: 0}
  m_PrefabInstance: {fileID: 100100000}
  m_PrefabAsset: {fileID: 0}
  m_GameObject: {fileID: 1650673005426596}
  m_LocalRotation: {x: 0.0658683, y: -0.008357832, z: 0.05048659, w: 0.9965153}
  m_LocalPosition: {x: 0, y: 0.0003962574, z: 1.862645E-10}
  m_LocalScale: {x: 0.9999999, y: 0.9999999, z: 0.9999999}
  m_Children:
  - {fileID: 4610905942754750}
  m_Father: {fileID: 4674521143358954}
  m_RootOrder: 0
  m_LocalEulerAnglesHint: {x: 7.496697, y: 1.335591, z: -5.713103}
--- !u!1 &1167357331304404
GameObject:
  m_CorrespondingSourceObject: {fileID: 0}
  m_PrefabInstance: {fileID: 100100000}
  m_PrefabAsset: {fileID: 0}
  serializedVersion: 5
  m_Component:
  - component: {fileID: 4610905942754750}
  m_Layer: 0
  m_Name: RightHandPinky3
  m_TagString: Untagged
  m_Icon: {fileID: 0}
  m_NavMeshLayer: 0
  m_StaticEditorFlags: 0
  m_IsActive: 1
--- !u!4 &4610905942754750
Transform:
  m_CorrespondingSourceObject: {fileID: 0}
  m_PrefabInstance: {fileID: 100100000}
  m_PrefabAsset: {fileID: 0}
  m_GameObject: {fileID: 1167357331304404}
  m_LocalRotation: {x: 0.01700366, y: -0.001337228, z: -0.0602625, w: 0.9980369}
  m_LocalPosition: {x: -5.587935E-11, y: 0.000244516, z: 8.009374E-10}
  m_LocalScale: {x: 1, y: 1, z: 1}
  m_Children: []
  m_Father: {fileID: 4419710070555302}
  m_RootOrder: 0
  m_LocalEulerAnglesHint: {x: 1.954264, y: 0.03551422, z: 6.911372}
--- !u!1 &1854178151953690
GameObject:
  m_CorrespondingSourceObject: {fileID: 0}
  m_PrefabInstance: {fileID: 100100000}
  m_PrefabAsset: {fileID: 0}
  serializedVersion: 5
  m_Component:
  - component: {fileID: 4237878415930725}
  m_Layer: 0
  m_Name: RightHandRing1
  m_TagString: Untagged
  m_Icon: {fileID: 0}
  m_NavMeshLayer: 0
  m_StaticEditorFlags: 0
  m_IsActive: 1
--- !u!4 &4237878415930725
Transform:
  m_CorrespondingSourceObject: {fileID: 0}
  m_PrefabInstance: {fileID: 100100000}
  m_PrefabAsset: {fileID: 0}
  m_GameObject: {fileID: 1854178151953690}
  m_LocalRotation: {x: -0.02009922, y: -0.0002687894, z: 0.01645699, w: 0.9996625}
  m_LocalPosition: {x: 0.0001754799, y: 0.0012459, z: -3.304211E-05}
  m_LocalScale: {x: 1, y: 0.9999999, z: 0.9999999}
  m_Children:
  - {fileID: 4484061809040557}
  m_Father: {fileID: 4619319277879778}
  m_RootOrder: 3
  m_LocalEulerAnglesHint: {x: -2.303552, y: -0.007113159, z: -1.886155}
--- !u!1 &1393222439308794
GameObject:
  m_CorrespondingSourceObject: {fileID: 0}
  m_PrefabInstance: {fileID: 100100000}
  m_PrefabAsset: {fileID: 0}
  serializedVersion: 5
  m_Component:
  - component: {fileID: 4484061809040557}
  m_Layer: 0
  m_Name: RightHandRing2
  m_TagString: Untagged
  m_Icon: {fileID: 0}
  m_NavMeshLayer: 0
  m_StaticEditorFlags: 0
  m_IsActive: 1
--- !u!4 &4484061809040557
Transform:
  m_CorrespondingSourceObject: {fileID: 0}
  m_PrefabInstance: {fileID: 100100000}
  m_PrefabAsset: {fileID: 0}
  m_GameObject: {fileID: 1393222439308794}
  m_LocalRotation: {x: 0.1263431, y: 0.006201714, z: -0.008348563, w: 0.9919321}
  m_LocalPosition: {x: -3.259629E-11, y: 0.0004996673, z: 7.916242E-10}
  m_LocalScale: {x: 0.9999999, y: 0.9999999, z: 0.9999998}
  m_Children:
  - {fileID: 4413723302863192}
  m_Father: {fileID: 4237878415930725}
  m_RootOrder: 0
  m_LocalEulerAnglesHint: {x: 14.51124, y: -0.8258284, z: 0.8592904}
--- !u!1 &1237687974431060
GameObject:
  m_CorrespondingSourceObject: {fileID: 0}
  m_PrefabInstance: {fileID: 100100000}
  m_PrefabAsset: {fileID: 0}
  serializedVersion: 5
  m_Component:
  - component: {fileID: 4413723302863192}
  m_Layer: 0
  m_Name: RightHandRing3
  m_TagString: Untagged
  m_Icon: {fileID: 0}
  m_NavMeshLayer: 0
  m_StaticEditorFlags: 0
  m_IsActive: 1
--- !u!4 &4413723302863192
Transform:
  m_CorrespondingSourceObject: {fileID: 0}
  m_PrefabInstance: {fileID: 100100000}
  m_PrefabAsset: {fileID: 0}
  m_GameObject: {fileID: 1237687974431060}
  m_LocalRotation: {x: 0.0702593, y: -0.003492803, z: 0.006474868, w: 0.9975016}
  m_LocalPosition: {x: -1.862645E-11, y: 0.0003218372, z: 1.052395E-09}
  m_LocalScale: {x: 1, y: 1, z: 1}
  m_Children: []
  m_Father: {fileID: 4484061809040557}
  m_RootOrder: 0
  m_LocalEulerAnglesHint: {x: 8.055174, y: 0.4513804, z: -0.712031}
--- !u!1 &1011172144159816
GameObject:
  m_CorrespondingSourceObject: {fileID: 0}
  m_PrefabInstance: {fileID: 100100000}
  m_PrefabAsset: {fileID: 0}
  serializedVersion: 5
  m_Component:
  - component: {fileID: 4190704128520652}
  m_Layer: 0
  m_Name: RightHandThumb1
  m_TagString: Untagged
  m_Icon: {fileID: 0}
  m_NavMeshLayer: 0
  m_StaticEditorFlags: 0
  m_IsActive: 1
--- !u!4 &4190704128520652
Transform:
  m_CorrespondingSourceObject: {fileID: 0}
  m_PrefabInstance: {fileID: 100100000}
  m_PrefabAsset: {fileID: 0}
  m_GameObject: {fileID: 1011172144159816}
  m_LocalRotation: {x: 0.07079149, y: 0.01780455, z: 0.3140002, w: 0.9466126}
  m_LocalPosition: {x: -0.0004962923, y: 0.000414949, z: 0.0001519249}
  m_LocalScale: {x: 1, y: 1, z: 1}
  m_Children:
  - {fileID: 4688254531546221}
  m_Father: {fileID: 4619319277879778}
  m_RootOrder: 4
  m_LocalEulerAnglesHint: {x: 8.349666, y: 0.6158877, z: -36.65737}
--- !u!1 &1308447194422534
GameObject:
  m_CorrespondingSourceObject: {fileID: 0}
  m_PrefabInstance: {fileID: 100100000}
  m_PrefabAsset: {fileID: 0}
  serializedVersion: 5
  m_Component:
  - component: {fileID: 4688254531546221}
  m_Layer: 0
  m_Name: RightHandThumb2
  m_TagString: Untagged
  m_Icon: {fileID: 0}
  m_NavMeshLayer: 0
  m_StaticEditorFlags: 0
  m_IsActive: 1
--- !u!4 &4688254531546221
Transform:
  m_CorrespondingSourceObject: {fileID: 0}
  m_PrefabInstance: {fileID: 100100000}
  m_PrefabAsset: {fileID: 0}
  m_GameObject: {fileID: 1308447194422534}
  m_LocalRotation: {x: -0.05537032, y: -0.1904618, z: -0.1333903, w: 0.9710127}
  m_LocalPosition: {x: -1.490116E-10, y: 0.0005678562, z: 5.972106E-10}
  m_LocalScale: {x: 0.9999999, y: 1, z: 0.9999999}
  m_Children:
  - {fileID: 4797664963226371}
  m_Father: {fileID: 4190704128520652}
  m_RootOrder: 0
  m_LocalEulerAnglesHint: {x: -3.522855, y: 22.62222, z: 14.93893}
--- !u!1 &1871484818690293
GameObject:
  m_CorrespondingSourceObject: {fileID: 0}
  m_PrefabInstance: {fileID: 100100000}
  m_PrefabAsset: {fileID: 0}
  serializedVersion: 5
  m_Component:
  - component: {fileID: 4797664963226371}
  m_Layer: 0
  m_Name: RightHandThumb3
  m_TagString: Untagged
  m_Icon: {fileID: 0}
  m_NavMeshLayer: 0
  m_StaticEditorFlags: 0
  m_IsActive: 1
--- !u!4 &4797664963226371
Transform:
  m_CorrespondingSourceObject: {fileID: 0}
  m_PrefabInstance: {fileID: 100100000}
  m_PrefabAsset: {fileID: 0}
  m_GameObject: {fileID: 1871484818690293}
  m_LocalRotation: {x: 0.05808686, y: 0.2374264, z: -0.09560586, w: 0.9649426}
  m_LocalPosition: {x: -2.980232E-10, y: 0.0004628993, z: 1.071021E-09}
  m_LocalScale: {x: 0.9999999, y: 1, z: 0.9999999}
  m_Children: []
  m_Father: {fileID: 4688254531546221}
  m_RootOrder: 0
  m_LocalEulerAnglesHint: {x: 4.33212, y: -27.98969, z: 10.23653}
--- !u!1 &1958179517742942
GameObject:
  m_CorrespondingSourceObject: {fileID: 0}
  m_PrefabInstance: {fileID: 100100000}
  m_PrefabAsset: {fileID: 0}
  serializedVersion: 5
  m_Component:
  - component: {fileID: 4561360953168018}
  - component: {fileID: 137851266505427474}
  m_Layer: 0
  m_Name: hair7.001
  m_TagString: Untagged
  m_Icon: {fileID: 0}
  m_NavMeshLayer: 0
  m_StaticEditorFlags: 0
  m_IsActive: 1
--- !u!4 &4561360953168018
Transform:
  m_CorrespondingSourceObject: {fileID: 0}
  m_PrefabInstance: {fileID: 100100000}
  m_PrefabAsset: {fileID: 0}
  m_GameObject: {fileID: 1958179517742942}
  m_LocalRotation: {x: -0.7071068, y: 0, z: 0, w: 0.7071067}
  m_LocalPosition: {x: -0.0005502701, y: 0, z: 0}
  m_LocalScale: {x: 100, y: 100, z: 100}
  m_Children: []
  m_Father: {fileID: 4062395498427259}
  m_RootOrder: 1
  m_LocalEulerAnglesHint: {x: -90.00001, y: 0, z: 0}
--- !u!137 &137851266505427474
SkinnedMeshRenderer:
  m_CorrespondingSourceObject: {fileID: 0}
  m_PrefabInstance: {fileID: 100100000}
  m_PrefabAsset: {fileID: 0}
  m_GameObject: {fileID: 1958179517742942}
  m_Enabled: 1
  m_CastShadows: 1
  m_ReceiveShadows: 1
  m_DynamicOccludee: 1
  m_MotionVectors: 1
  m_LightProbeUsage: 1
  m_ReflectionProbeUsage: 1
  m_RayTracingMode: 0
  m_RenderingLayerMask: 1
  m_RendererPriority: 0
  m_Materials:
  - {fileID: 2100000, guid: b6cd93b7f590ca24ca54af64828065ed, type: 2}
  m_StaticBatchInfo:
    firstSubMesh: 0
    subMeshCount: 0
  m_StaticBatchRoot: {fileID: 0}
  m_ProbeAnchor: {fileID: 0}
  m_LightProbeVolumeOverride: {fileID: 0}
  m_ScaleInLightmap: 1
  m_ReceiveGI: 1
  m_PreserveUVs: 0
  m_IgnoreNormalsForChartDetection: 0
  m_ImportantGI: 0
  m_StitchLightmapSeams: 0
  m_SelectedEditorRenderState: 3
  m_MinimumChartSize: 4
  m_AutoUVMaxDistance: 0.5
  m_AutoUVMaxAngle: 89
  m_LightmapParameters: {fileID: 0}
  m_SortingLayerID: 0
  m_SortingLayer: 0
  m_SortingOrder: 0
  serializedVersion: 2
  m_Quality: 0
  m_UpdateWhenOffscreen: 0
  m_skinnedMotionVectors: 1
  m_Mesh: {fileID: 4300000, guid: 8fbf1d8f64831b548aa69ffa33dfb1bc, type: 2}
  m_Bones:
  - {fileID: 4754599002922496}
  - {fileID: 4140509929592890}
  - {fileID: 4758446388422846}
  - {fileID: 4532405440598684}
  - {fileID: 4841490067605998}
  - {fileID: 4780338559407278}
  - {fileID: 4560677747565435}
  - {fileID: 4251480932186715}
  - {fileID: 4191890673518726}
  - {fileID: 4540213937487834}
  - {fileID: 4981490306144748}
  - {fileID: 4249379265325976}
  - {fileID: 4021595100684092}
  - {fileID: 4719030610157116}
  - {fileID: 4982820791942412}
  - {fileID: 4781170583274960}
  - {fileID: 4048769095872238}
  - {fileID: 4442193985058534}
  - {fileID: 4348573579710358}
  - {fileID: 4222186103314169}
  - {fileID: 4680758765576205}
  - {fileID: 4537852602474557}
  - {fileID: 4243656781327696}
  - {fileID: 4892579987388086}
  - {fileID: 4523749499968521}
  - {fileID: 4481211443510408}
  - {fileID: 4928307312979078}
  - {fileID: 4222592548333505}
  - {fileID: 4963222471402506}
  - {fileID: 4619319277879778}
  - {fileID: 4190704128520652}
  - {fileID: 4688254531546221}
  - {fileID: 4797664963226371}
  - {fileID: 4846594743638410}
  - {fileID: 4684381314245600}
  - {fileID: 4818654908027975}
  - {fileID: 4782388929709264}
  - {fileID: 4513653957237447}
  - {fileID: 4041489108213377}
  - {fileID: 4237878415930725}
  - {fileID: 4484061809040557}
  - {fileID: 4413723302863192}
  - {fileID: 4674521143358954}
  - {fileID: 4419710070555302}
  - {fileID: 4610905942754750}
  - {fileID: 4264891182431724}
  - {fileID: 4656349149373788}
  - {fileID: 4722980160541224}
  - {fileID: 4951608231031939}
  - {fileID: 4908310738316774}
  - {fileID: 4114937787755412}
  - {fileID: 4070024734097712}
  - {fileID: 4819211169028918}
  m_BlendShapeWeights: []
  m_RootBone: {fileID: 4754599002922496}
  m_AABB:
    m_Center: {x: -5.502778E-06, y: 0.009064438, z: 2.116407E-05}
    m_Extent: {x: 0.001494677, y: 0.002178799, z: 0.001900396}
  m_DirtyAABB: 0
