%YAML 1.1
%TAG !u! tag:unity3d.com,2011:
--- !u!1001 &100100000
PrefabInstance:
  serializedVersion: 2
  m_RootGameObject: {fileID: 1277481512958268}
  m_Modification:
    m_TransformParent: {fileID: 0}
    m_Modifications: []
    m_RemovedComponents: []
  m_SourcePrefab: {fileID: 0}
--- !u!1 &1277481512958268
GameObject:
  m_CorrespondingSourceObject: {fileID: 0}
  m_PrefabInstance: {fileID: 100100000}
  m_PrefabAsset: {fileID: 0}
  serializedVersion: 5
  m_Component:
  - component: {fileID: 4200866598582168}
  - component: {fileID: 114118421639399728}
  m_Layer: 12
  m_Name: Hair4
  m_TagString: Untagged
  m_Icon: {fileID: 0}
  m_NavMeshLayer: 0
  m_StaticEditorFlags: 0
  m_IsActive: 1
--- !u!4 &4200866598582168
Transform:
  m_CorrespondingSourceObject: {fileID: 0}
  m_PrefabInstance: {fileID: 100100000}
  m_PrefabAsset: {fileID: 0}
  m_GameObject: {fileID: 1277481512958268}
  m_LocalRotation: {x: 0, y: 0, z: 0, w: 1}
  m_LocalPosition: {x: 0, y: 50, z: 0}
  m_LocalScale: {x: 1, y: 1, z: 1}
  m_Children:
  - {fileID: 4197609196633036}
  m_Father: {fileID: 0}
  m_RootOrder: 0
  m_LocalEulerAnglesHint: {x: 0, y: 0, z: 0}
--- !u!114 &114118421639399728
MonoBehaviour:
  m_CorrespondingSourceObject: {fileID: 0}
  m_PrefabInstance: {fileID: 100100000}
  m_PrefabAsset: {fileID: 0}
  m_GameObject: {fileID: 1277481512958268}
  m_Enabled: 1
  m_EditorHideFlags: 0
  m_Script: {fileID: 11500000, guid: ee3583957fdcbe54a95d5c71c47d06a6, type: 3}
  m_Name:
  m_EditorClassIdentifier:
  m_autoPickup: 1
  m_autoDestroy: 1
  m_itemData:
    m_stack: 1
    m_durability: 100
    m_quality: 1
    m_variant: 0
    m_shared:
      m_name: $customization_hair04
      m_dlc:
      m_itemType: 10
      m_icons: []
      m_attachOverride: 0
      m_description:
      m_maxStackSize: 1
      m_maxQuality: 1
      m_weight: 1
      m_value: 0
      m_teleportable: 1
      m_questItem: 0
      m_equipDuration: 1
      m_variants: 0
      m_trophyPos: {x: 0, y: 0}
      m_buildPieces: {fileID: 0}
      m_centerCamera: 0
      m_setName:
      m_setSize: 0
      m_setStatusEffect: {fileID: 0}
      m_equipStatusEffect: {fileID: 0}
      m_movementModifier: 0
      m_food: 0
      m_foodStamina: 0
      m_foodBurnTime: 0
      m_foodRegen: 0
      m_foodColor: {r: 1, g: 1, b: 1, a: 1}
      m_armorMaterial: {fileID: 0}
      m_helmetHideHair: 1
      m_armor: 5
      m_armorPerLevel: 1
      m_damageModifiers: []
      m_blockPower: 10
      m_blockPowerPerLevel: 0
      m_deflectionForce: 0
      m_deflectionForcePerLevel: 0
      m_timedBlockBonus: 1.5
      m_animationState: 1
      m_skillType: 1
      m_toolTier: 0
      m_damages:
        m_damage: 0
        m_blunt: 10
        m_slash: 0
        m_pierce: 0
        m_chop: 0
        m_pickaxe: 0
        m_fire: 0
        m_frost: 0
        m_lightning: 0
        m_poison: 0
        m_spirit: 0
      m_damagesPerLevel:
        m_damage: 0
        m_blunt: 0
        m_slash: 0
        m_pierce: 0
        m_chop: 0
        m_pickaxe: 0
        m_fire: 0
        m_frost: 0
        m_lightning: 0
        m_poison: 0
        m_spirit: 0
      m_attackForce: 30
      m_backstabBonus: 4
      m_dodgeable: 1
      m_blockable: 1
      m_tamedOnly: 0
      m_attackStatusEffect: {fileID: 0}
      m_spawnOnHit: {fileID: 0}
      m_spawnOnHitTerrain: {fileID: 0}
      m_attack:
        m_attackType: 0
        m_attackAnimation:
        m_attackRandomAnimations: 0
        m_attackChainLevels: 0
        m_consumeItem: 0
        m_hitTerrain: 1
        m_attackStamina: 20
        m_speedFactor: 0.2
        m_speedFactorRotation: 0.2
        m_attackStartNoise: 10
        m_attackHitNoise: 30
        m_damageMultiplier: 1
        m_forceMultiplier: 1
        m_staggerMultiplier: 1
        m_attackOriginJoint:
        m_attackRange: 2.4
        m_attackHeight: 0.8
        m_attackOffset: 0
        m_spawnOnTrigger: {fileID: 0}
        m_attackAngle: 90
        m_attackRayWidth: 0
        m_maxYAngle: 0
        m_lowerDamagePerHit: 1
        m_hitPointtype: 0
        m_hitThroughWalls: 0
        m_multiHit: 1
        m_pickaxeSpecial: 0
        m_lastChainDamageMultiplier: 2
        m_resetChainIfHit: 0
        m_skillHitType: 4
        m_specialHitSkill: 0
        m_specialHitType: 0
        m_attackProjectile: {fileID: 0}
        m_projectileVel: 10
        m_projectileVelMin: 2
        m_projectileAccuracy: 10
        m_projectileAccuracyMin: 20
        m_useCharacterFacing: 0
        m_useCharacterFacingYAim: 0
        m_launchAngle: 0
        m_projectiles: 1
        m_projectileBursts: 1
        m_burstInterval: 0
        m_destroyPreviousProjectile: 0
        m_hitEffect:
          m_effectPrefabs: []
        m_hitTerrainEffect:
          m_effectPrefabs: []
        m_startEffect:
          m_effectPrefabs: []
        m_triggerEffect:
          m_effectPrefabs: []
        m_trailStartEffect:
          m_effectPrefabs: []
      m_secondaryAttack:
        m_attackType: 0
        m_attackAnimation:
        m_attackRandomAnimations: 0
        m_attackChainLevels: 0
        m_consumeItem: 0
        m_hitTerrain: 1
        m_attackStamina: 20
        m_speedFactor: 0.2
        m_speedFactorRotation: 0.2
        m_attackStartNoise: 10
        m_attackHitNoise: 30
        m_damageMultiplier: 1
        m_forceMultiplier: 1
        m_staggerMultiplier: 1
        m_attackOriginJoint:
        m_attackRange: 1.5
        m_attackHeight: 0.6
        m_attackOffset: 0
        m_spawnOnTrigger: {fileID: 0}
        m_attackAngle: 90
        m_attackRayWidth: 0
        m_maxYAngle: 0
        m_lowerDamagePerHit: 1
        m_hitPointtype: 0
        m_hitThroughWalls: 0
        m_multiHit: 1
        m_pickaxeSpecial: 0
        m_lastChainDamageMultiplier: 2
        m_resetChainIfHit: 0
        m_skillHitType: 4
        m_specialHitSkill: 0
        m_specialHitType: 0
        m_attackProjectile: {fileID: 0}
        m_projectileVel: 10
        m_projectileVelMin: 2
        m_projectileAccuracy: 10
        m_projectileAccuracyMin: 20
        m_useCharacterFacing: 0
        m_useCharacterFacingYAim: 0
        m_launchAngle: 0
        m_projectiles: 1
        m_projectileBursts: 1
        m_burstInterval: 0
        m_destroyPreviousProjectile: 0
        m_hitEffect:
          m_effectPrefabs: []
        m_hitTerrainEffect:
          m_effectPrefabs: []
        m_startEffect:
          m_effectPrefabs: []
        m_triggerEffect:
          m_effectPrefabs: []
        m_trailStartEffect:
          m_effectPrefabs: []
      m_useDurability: 0
      m_destroyBroken: 1
      m_canBeReparied: 1
      m_maxDurability: 100
      m_durabilityPerLevel: 50
      m_useDurabilityDrain: 1
      m_durabilityDrain: 0
      m_holdDurationMin: 0
      m_holdStaminaDrain: 0
      m_holdAnimationState:
      m_ammoType:
      m_aiAttackRange: 2
      m_aiAttackRangeMin: 0
      m_aiAttackInterval: 2
      m_aiAttackMaxAngle: 5
      m_aiWhenFlying: 1
      m_aiWhenWalking: 1
      m_aiWhenSwiming: 1
      m_aiPrioritized: 0
      m_aiTargetType: 0
      m_hitEffect:
        m_effectPrefabs: []
      m_hitTerrainEffect:
        m_effectPrefabs: []
      m_blockEffect:
        m_effectPrefabs: []
      m_startEffect:
        m_effectPrefabs: []
      m_holdStartEffect:
        m_effectPrefabs: []
      m_triggerEffect:
        m_effectPrefabs: []
      m_trailStartEffect:
        m_effectPrefabs: []
      m_consumeStatusEffect: {fileID: 0}
--- !u!1 &1381963621814746
GameObject:
  m_CorrespondingSourceObject: {fileID: 0}
  m_PrefabInstance: {fileID: 100100000}
  m_PrefabAsset: {fileID: 0}
  serializedVersion: 5
  m_Component:
  - component: {fileID: 4197609196633036}
  m_Layer: 0
  m_Name: attach_skin
  m_TagString: Untagged
  m_Icon: {fileID: 0}
  m_NavMeshLayer: 0
  m_StaticEditorFlags: 0
  m_IsActive: 1
--- !u!4 &4197609196633036
Transform:
  m_CorrespondingSourceObject: {fileID: 0}
  m_PrefabInstance: {fileID: 100100000}
  m_PrefabAsset: {fileID: 0}
  m_GameObject: {fileID: 1381963621814746}
  m_LocalRotation: {x: 0, y: 0, z: 0, w: 1}
  m_LocalPosition: {x: 0, y: 0, z: 0}
  m_LocalScale: {x: 1, y: 1, z: 1}
  m_Children:
  - {fileID: 4437344794755460}
  - {fileID: 4866516082838546}
  m_Father: {fileID: 4200866598582168}
  m_RootOrder: 0
  m_LocalEulerAnglesHint: {x: 0, y: 0, z: 0}
--- !u!1 &1880253664593752
GameObject:
  m_CorrespondingSourceObject: {fileID: 0}
  m_PrefabInstance: {fileID: 100100000}
  m_PrefabAsset: {fileID: 0}
  serializedVersion: 5
  m_Component:
  - component: {fileID: 4437344794755460}
  m_Layer: 0
  m_Name: Armature
  m_TagString: Untagged
  m_Icon: {fileID: 0}
  m_NavMeshLayer: 0
  m_StaticEditorFlags: 0
  m_IsActive: 0
--- !u!4 &4437344794755460
Transform:
  m_CorrespondingSourceObject: {fileID: 0}
  m_PrefabInstance: {fileID: 100100000}
  m_PrefabAsset: {fileID: 0}
  m_GameObject: {fileID: 1880253664593752}
  m_LocalRotation: {x: -0.7071068, y: 0, z: 0, w: 0.7071068}
  m_LocalPosition: {x: 0, y: 0, z: 0}
  m_LocalScale: {x: 100, y: 100, z: 100}
  m_Children:
  - {fileID: 4461611131650279}
  m_Father: {fileID: 4197609196633036}
  m_RootOrder: 0
  m_LocalEulerAnglesHint: {x: -90, y: 0, z: 0}
--- !u!1 &1195007206581768
GameObject:
  m_CorrespondingSourceObject: {fileID: 0}
  m_PrefabInstance: {fileID: 100100000}
  m_PrefabAsset: {fileID: 0}
  serializedVersion: 5
  m_Component:
  - component: {fileID: 4461611131650279}
  m_Layer: 0
  m_Name: Hips
  m_TagString: Untagged
  m_Icon: {fileID: 0}
  m_NavMeshLayer: 0
  m_StaticEditorFlags: 0
  m_IsActive: 1
--- !u!4 &4461611131650279
Transform:
  m_CorrespondingSourceObject: {fileID: 0}
  m_PrefabInstance: {fileID: 100100000}
  m_PrefabAsset: {fileID: 0}
  m_GameObject: {fileID: 1195007206581768}
  m_LocalRotation: {x: 0.7071068, y: 0, z: 0, w: 0.7071068}
  m_LocalPosition: {x: 0, y: 7.026316E-05, z: 0.009579787}
  m_LocalScale: {x: 1, y: 1, z: 1}
  m_Children:
  - {fileID: 4733756043956259}
  - {fileID: 4756836094522384}
  - {fileID: 4908576603226155}
  m_Father: {fileID: 4437344794755460}
  m_RootOrder: 0
  m_LocalEulerAnglesHint: {x: 90, y: 0, z: 0}
--- !u!1 &1912153919981809
GameObject:
  m_CorrespondingSourceObject: {fileID: 0}
  m_PrefabInstance: {fileID: 100100000}
  m_PrefabAsset: {fileID: 0}
  serializedVersion: 5
  m_Component:
  - component: {fileID: 4733756043956259}
  m_Layer: 0
  m_Name: LeftUpLeg
  m_TagString: Untagged
  m_Icon: {fileID: 0}
  m_NavMeshLayer: 0
  m_StaticEditorFlags: 0
  m_IsActive: 1
--- !u!4 &4733756043956259
Transform:
  m_CorrespondingSourceObject: {fileID: 0}
  m_PrefabInstance: {fileID: 100100000}
  m_PrefabAsset: {fileID: 0}
  m_GameObject: {fileID: 1912153919981809}
  m_LocalRotation: {x: 0.0002601492, y: -0.03361914, z: 0.9994042, w: 0.00780658}
  m_LocalPosition: {x: -0.001028195, y: 0.001144692, z: -5.299361E-05}
  m_LocalScale: {x: 1.000004, y: 1, z: 1.000067}
  m_Children:
  - {fileID: 4354267772790688}
  m_Father: {fileID: 4461611131650279}
  m_RootOrder: 0
  m_LocalEulerAnglesHint: {x: -3.852847, y: 0.05986776, z: -179.1069}
--- !u!1 &1502155838003742
GameObject:
  m_CorrespondingSourceObject: {fileID: 0}
  m_PrefabInstance: {fileID: 100100000}
  m_PrefabAsset: {fileID: 0}
  serializedVersion: 5
  m_Component:
  - component: {fileID: 4354267772790688}
  m_Layer: 0
  m_Name: LeftLeg
  m_TagString: Untagged
  m_Icon: {fileID: 0}
  m_NavMeshLayer: 0
  m_StaticEditorFlags: 0
  m_IsActive: 1
--- !u!4 &4354267772790688
Transform:
  m_CorrespondingSourceObject: {fileID: 0}
  m_PrefabInstance: {fileID: 100100000}
  m_PrefabAsset: {fileID: 0}
  m_GameObject: {fileID: 1502155838003742}
  m_LocalRotation: {x: -0.003857391, y: -2.066251E-05, z: 0.003137332, w: 0.9999877}
  m_LocalPosition: {x: -4.976755E-11, y: 0.004738677, z: -2.276693E-11}
  m_LocalScale: {x: 1, y: 1, z: 1}
  m_Children:
  - {fileID: 4453614840417311}
  m_Father: {fileID: 4733756043956259}
  m_RootOrder: 0
  m_LocalEulerAnglesHint: {x: -0.4420308, y: 0.0009809423, z: -0.3595189}
--- !u!1 &1387887839659618
GameObject:
  m_CorrespondingSourceObject: {fileID: 0}
  m_PrefabInstance: {fileID: 100100000}
  m_PrefabAsset: {fileID: 0}
  serializedVersion: 5
  m_Component:
  - component: {fileID: 4453614840417311}
  m_Layer: 0
  m_Name: LeftFoot
  m_TagString: Untagged
  m_Icon: {fileID: 0}
  m_NavMeshLayer: 0
  m_StaticEditorFlags: 0
  m_IsActive: 1
--- !u!4 &4453614840417311
Transform:
  m_CorrespondingSourceObject: {fileID: 0}
  m_PrefabInstance: {fileID: 100100000}
  m_PrefabAsset: {fileID: 0}
  m_GameObject: {fileID: 1387887839659618}
  m_LocalRotation: {x: 0.4849221, y: -0.03238013, z: 0.01797062, w: 0.873773}
  m_LocalPosition: {x: 1.179433E-10, y: 0.004699663, z: 3.775767E-11}
  m_LocalScale: {x: 0.9999999, y: 1, z: 0.9999999}
  m_Children:
  - {fileID: 4590412377996433}
  m_Father: {fileID: 4354267772790688}
  m_RootOrder: 0
  m_LocalEulerAnglesHint: {x: 58.05835, y: 4.244598, z: -4.654666E-05}
--- !u!1 &1691833913165002
GameObject:
  m_CorrespondingSourceObject: {fileID: 0}
  m_PrefabInstance: {fileID: 100100000}
  m_PrefabAsset: {fileID: 0}
  serializedVersion: 5
  m_Component:
  - component: {fileID: 4590412377996433}
  m_Layer: 0
  m_Name: LeftToeBase
  m_TagString: Untagged
  m_Icon: {fileID: 0}
  m_NavMeshLayer: 0
  m_StaticEditorFlags: 0
  m_IsActive: 1
--- !u!4 &4590412377996433
Transform:
  m_CorrespondingSourceObject: {fileID: 0}
  m_PrefabInstance: {fileID: 100100000}
  m_PrefabAsset: {fileID: 0}
  m_GameObject: {fileID: 1691833913165002}
  m_LocalRotation: {x: 0.2955232, y: 0.1077301, z: -0.06653067, w: 0.9469076}
  m_LocalPosition: {x: 1.490662E-11, y: 0.002158782, z: 4.889443E-11}
  m_LocalScale: {x: 0.9999999, y: 1, z: 0.9999999}
  m_Children:
  - {fileID: 4806188621732080}
  m_Father: {fileID: 4453614840417311}
  m_RootOrder: 0
  m_LocalEulerAnglesHint: {x: 34.21031, y: -14.08396, z: 3.684068}
--- !u!1 &1250174851174047
GameObject:
  m_CorrespondingSourceObject: {fileID: 0}
  m_PrefabInstance: {fileID: 100100000}
  m_PrefabAsset: {fileID: 0}
  serializedVersion: 5
  m_Component:
  - component: {fileID: 4806188621732080}
  m_Layer: 0
  m_Name: LeftToeBase_end
  m_TagString: Untagged
  m_Icon: {fileID: 0}
  m_NavMeshLayer: 0
  m_StaticEditorFlags: 0
  m_IsActive: 1
--- !u!4 &4806188621732080
Transform:
  m_CorrespondingSourceObject: {fileID: 0}
  m_PrefabInstance: {fileID: 100100000}
  m_PrefabAsset: {fileID: 0}
  m_GameObject: {fileID: 1250174851174047}
  m_LocalRotation: {x: 0, y: 0, z: 0, w: 1}
  m_LocalPosition: {x: 0, y: 0.0008040303, z: 0}
  m_LocalScale: {x: 1, y: 1, z: 1}
  m_Children: []
  m_Father: {fileID: 4590412377996433}
  m_RootOrder: 0
  m_LocalEulerAnglesHint: {x: 0, y: 0, z: 0}
--- !u!1 &1557964200700548
GameObject:
  m_CorrespondingSourceObject: {fileID: 0}
  m_PrefabInstance: {fileID: 100100000}
  m_PrefabAsset: {fileID: 0}
  serializedVersion: 5
  m_Component:
  - component: {fileID: 4756836094522384}
  m_Layer: 0
  m_Name: RightUpLeg
  m_TagString: Untagged
  m_Icon: {fileID: 0}
  m_NavMeshLayer: 0
  m_StaticEditorFlags: 0
  m_IsActive: 1
--- !u!4 &4756836094522384
Transform:
  m_CorrespondingSourceObject: {fileID: 0}
  m_PrefabInstance: {fileID: 100100000}
  m_PrefabAsset: {fileID: 0}
  m_GameObject: {fileID: 1557964200700548}
  m_LocalRotation: {x: -0.0002601492, y: -0.03361914, z: 0.9994042, w: -0.00780658}
  m_LocalPosition: {x: 0.001028195, y: 0.001144692, z: -5.299361E-05}
  m_LocalScale: {x: 1.000004, y: 1, z: 1.000067}
  m_Children:
  - {fileID: 4191998411403547}
  m_Father: {fileID: 4461611131650279}
  m_RootOrder: 1
  m_LocalEulerAnglesHint: {x: -3.852847, y: -0.05986776, z: 179.1069}
--- !u!1 &1324226722555089
GameObject:
  m_CorrespondingSourceObject: {fileID: 0}
  m_PrefabInstance: {fileID: 100100000}
  m_PrefabAsset: {fileID: 0}
  serializedVersion: 5
  m_Component:
  - component: {fileID: 4191998411403547}
  m_Layer: 0
  m_Name: RightLeg
  m_TagString: Untagged
  m_Icon: {fileID: 0}
  m_NavMeshLayer: 0
  m_StaticEditorFlags: 0
  m_IsActive: 1
--- !u!4 &4191998411403547
Transform:
  m_CorrespondingSourceObject: {fileID: 0}
  m_PrefabInstance: {fileID: 100100000}
  m_PrefabAsset: {fileID: 0}
  m_GameObject: {fileID: 1324226722555089}
  m_LocalRotation: {x: -0.003857391, y: 2.066251E-05, z: -0.003137332, w: 0.9999877}
  m_LocalPosition: {x: 4.976755E-11, y: 0.004738677, z: -2.276693E-11}
  m_LocalScale: {x: 1, y: 1, z: 1}
  m_Children:
  - {fileID: 4371908131138401}
  m_Father: {fileID: 4756836094522384}
  m_RootOrder: 0
  m_LocalEulerAnglesHint: {x: -0.4420308, y: -0.0009809423, z: 0.3595189}
--- !u!1 &1066331876283811
GameObject:
  m_CorrespondingSourceObject: {fileID: 0}
  m_PrefabInstance: {fileID: 100100000}
  m_PrefabAsset: {fileID: 0}
  serializedVersion: 5
  m_Component:
  - component: {fileID: 4371908131138401}
  m_Layer: 0
  m_Name: RightFoot
  m_TagString: Untagged
  m_Icon: {fileID: 0}
  m_NavMeshLayer: 0
  m_StaticEditorFlags: 0
  m_IsActive: 1
--- !u!4 &4371908131138401
Transform:
  m_CorrespondingSourceObject: {fileID: 0}
  m_PrefabInstance: {fileID: 100100000}
  m_PrefabAsset: {fileID: 0}
  m_GameObject: {fileID: 1066331876283811}
  m_LocalRotation: {x: 0.4849221, y: 0.03238013, z: -0.01797062, w: 0.873773}
  m_LocalPosition: {x: -1.179433E-10, y: 0.004699663, z: 3.775767E-11}
  m_LocalScale: {x: 0.9999999, y: 1, z: 0.9999999}
  m_Children:
  - {fileID: 4893799919696928}
  m_Father: {fileID: 4191998411403547}
  m_RootOrder: 0
  m_LocalEulerAnglesHint: {x: 58.05835, y: -4.244598, z: 4.654666E-05}
--- !u!1 &1069089284494183
GameObject:
  m_CorrespondingSourceObject: {fileID: 0}
  m_PrefabInstance: {fileID: 100100000}
  m_PrefabAsset: {fileID: 0}
  serializedVersion: 5
  m_Component:
  - component: {fileID: 4893799919696928}
  m_Layer: 0
  m_Name: RightToeBase
  m_TagString: Untagged
  m_Icon: {fileID: 0}
  m_NavMeshLayer: 0
  m_StaticEditorFlags: 0
  m_IsActive: 1
--- !u!4 &4893799919696928
Transform:
  m_CorrespondingSourceObject: {fileID: 0}
  m_PrefabInstance: {fileID: 100100000}
  m_PrefabAsset: {fileID: 0}
  m_GameObject: {fileID: 1069089284494183}
  m_LocalRotation: {x: 0.2955232, y: -0.1077301, z: 0.06653067, w: 0.9469076}
  m_LocalPosition: {x: -1.490662E-11, y: 0.002158782, z: 4.889443E-11}
  m_LocalScale: {x: 0.9999999, y: 1, z: 0.9999999}
  m_Children:
  - {fileID: 4853932688716862}
  m_Father: {fileID: 4371908131138401}
  m_RootOrder: 0
  m_LocalEulerAnglesHint: {x: 34.21031, y: 14.08396, z: -3.684068}
--- !u!1 &1792843776676769
GameObject:
  m_CorrespondingSourceObject: {fileID: 0}
  m_PrefabInstance: {fileID: 100100000}
  m_PrefabAsset: {fileID: 0}
  serializedVersion: 5
  m_Component:
  - component: {fileID: 4853932688716862}
  m_Layer: 0
  m_Name: RightToeBase_end
  m_TagString: Untagged
  m_Icon: {fileID: 0}
  m_NavMeshLayer: 0
  m_StaticEditorFlags: 0
  m_IsActive: 1
--- !u!4 &4853932688716862
Transform:
  m_CorrespondingSourceObject: {fileID: 0}
  m_PrefabInstance: {fileID: 100100000}
  m_PrefabAsset: {fileID: 0}
  m_GameObject: {fileID: 1792843776676769}
  m_LocalRotation: {x: 0, y: 0, z: 0, w: 1}
  m_LocalPosition: {x: 0, y: 0.0008040303, z: 0}
  m_LocalScale: {x: 1, y: 1, z: 1}
  m_Children: []
  m_Father: {fileID: 4893799919696928}
  m_RootOrder: 0
  m_LocalEulerAnglesHint: {x: 0, y: 0, z: 0}
--- !u!1 &1345296526623716
GameObject:
  m_CorrespondingSourceObject: {fileID: 0}
  m_PrefabInstance: {fileID: 100100000}
  m_PrefabAsset: {fileID: 0}
  serializedVersion: 5
  m_Component:
  - component: {fileID: 4908576603226155}
  m_Layer: 0
  m_Name: Spine
  m_TagString: Untagged
  m_Icon: {fileID: 0}
  m_NavMeshLayer: 0
  m_StaticEditorFlags: 0
  m_IsActive: 1
--- !u!4 &4908576603226155
Transform:
  m_CorrespondingSourceObject: {fileID: 0}
  m_PrefabInstance: {fileID: 100100000}
  m_PrefabAsset: {fileID: 0}
  m_GameObject: {fileID: 1345296526623716}
  m_LocalRotation: {x: -0.03922647, y: 0, z: 0, w: 0.9992304}
  m_LocalPosition: {x: 0, y: 0.001202162, z: 1.598366E-12}
  m_LocalScale: {x: 1, y: 1, z: 1}
  m_Children:
  - {fileID: 4851712947918316}
  m_Father: {fileID: 4461611131650279}
  m_RootOrder: 2
  m_LocalEulerAnglesHint: {x: -4.496175, y: 0, z: 0}
--- !u!1 &1186216917572514
GameObject:
  m_CorrespondingSourceObject: {fileID: 0}
  m_PrefabInstance: {fileID: 100100000}
  m_PrefabAsset: {fileID: 0}
  serializedVersion: 5
  m_Component:
  - component: {fileID: 4851712947918316}
  m_Layer: 0
  m_Name: Spine1
  m_TagString: Untagged
  m_Icon: {fileID: 0}
  m_NavMeshLayer: 0
  m_StaticEditorFlags: 0
  m_IsActive: 1
--- !u!4 &4851712947918316
Transform:
  m_CorrespondingSourceObject: {fileID: 0}
  m_PrefabInstance: {fileID: 100100000}
  m_PrefabAsset: {fileID: 0}
  m_GameObject: {fileID: 1186216917572514}
  m_LocalRotation: {x: -0.01017069, y: 0, z: 0, w: 0.9999483}
  m_LocalPosition: {x: 0, y: 0.003014359, z: -3.72529E-11}
  m_LocalScale: {x: 1, y: 1, z: 1}
  m_Children:
  - {fileID: 4956791055147140}
  m_Father: {fileID: 4908576603226155}
  m_RootOrder: 0
  m_LocalEulerAnglesHint: {x: -1.165495, y: 0, z: 0}
--- !u!1 &1215768133328166
GameObject:
  m_CorrespondingSourceObject: {fileID: 0}
  m_PrefabInstance: {fileID: 100100000}
  m_PrefabAsset: {fileID: 0}
  serializedVersion: 5
  m_Component:
  - component: {fileID: 4956791055147140}
  m_Layer: 0
  m_Name: Spine2
  m_TagString: Untagged
  m_Icon: {fileID: 0}
  m_NavMeshLayer: 0
  m_StaticEditorFlags: 0
  m_IsActive: 1
--- !u!4 &4956791055147140
Transform:
  m_CorrespondingSourceObject: {fileID: 0}
  m_PrefabInstance: {fileID: 100100000}
  m_PrefabAsset: {fileID: 0}
  m_GameObject: {fileID: 1215768133328166}
  m_LocalRotation: {x: -7.450581E-09, y: 0, z: 0, w: 1}
  m_LocalPosition: {x: 0, y: 0.001508224, z: 7.45058E-11}
  m_LocalScale: {x: 1, y: 1, z: 1}
  m_Children:
  - {fileID: 4277624455448784}
  - {fileID: 4740574836116936}
  - {fileID: 4275894762729748}
  m_Father: {fileID: 4851712947918316}
  m_RootOrder: 0
  m_LocalEulerAnglesHint: {x: -8.537737E-07, y: 0, z: 0}
--- !u!1 &1163915807999007
GameObject:
  m_CorrespondingSourceObject: {fileID: 0}
  m_PrefabInstance: {fileID: 100100000}
  m_PrefabAsset: {fileID: 0}
  serializedVersion: 5
  m_Component:
  - component: {fileID: 4277624455448784}
  m_Layer: 0
  m_Name: LeftShoulder
  m_TagString: Untagged
  m_Icon: {fileID: 0}
  m_NavMeshLayer: 0
  m_StaticEditorFlags: 0
  m_IsActive: 1
--- !u!4 &4277624455448784
Transform:
  m_CorrespondingSourceObject: {fileID: 0}
  m_PrefabInstance: {fileID: 100100000}
  m_PrefabAsset: {fileID: 0}
  m_GameObject: {fileID: 1163915807999007}
  m_LocalRotation: {x: 0.5642897, y: -0.4188654, z: 0.5860074, w: 0.4033909}
  m_LocalPosition: {x: -0.0007651657, y: 0.001433652, z: -2.895359E-05}
  m_LocalScale: {x: 0.9999998, y: 0.9999998, z: 1}
  m_Children:
  - {fileID: 4486844190902260}
  m_Father: {fileID: 4956791055147140}
  m_RootOrder: 0
  m_LocalEulerAnglesHint: {x: -71.02892, y: 87.8391, z: -179.9129}
--- !u!1 &1590634610710442
GameObject:
  m_CorrespondingSourceObject: {fileID: 0}
  m_PrefabInstance: {fileID: 100100000}
  m_PrefabAsset: {fileID: 0}
  serializedVersion: 5
  m_Component:
  - component: {fileID: 4486844190902260}
  m_Layer: 0
  m_Name: LeftArm
  m_TagString: Untagged
  m_Icon: {fileID: 0}
  m_NavMeshLayer: 0
  m_StaticEditorFlags: 0
  m_IsActive: 1
--- !u!4 &4486844190902260
Transform:
  m_CorrespondingSourceObject: {fileID: 0}
  m_PrefabInstance: {fileID: 100100000}
  m_PrefabAsset: {fileID: 0}
  m_GameObject: {fileID: 1590634610710442}
  m_LocalRotation: {x: 0.336305, y: -0.04737156, z: 0.01694082, w: 0.9404083}
  m_LocalPosition: {x: -1.303852E-10, y: 0.001607736, z: 1.806766E-09}
  m_LocalScale: {x: 1, y: 1, z: 1}
  m_Children:
  - {fileID: 4704272942273952}
  m_Father: {fileID: 4277624455448784}
  m_RootOrder: 0
  m_LocalEulerAnglesHint: {x: 39.35572, y: 5.76749, z: 2.610709E-07}
--- !u!1 &1457305895479802
GameObject:
  m_CorrespondingSourceObject: {fileID: 0}
  m_PrefabInstance: {fileID: 100100000}
  m_PrefabAsset: {fileID: 0}
  serializedVersion: 5
  m_Component:
  - component: {fileID: 4704272942273952}
  m_Layer: 0
  m_Name: LeftForeArm
  m_TagString: Untagged
  m_Icon: {fileID: 0}
  m_NavMeshLayer: 0
  m_StaticEditorFlags: 0
  m_IsActive: 1
--- !u!4 &4704272942273952
Transform:
  m_CorrespondingSourceObject: {fileID: 0}
  m_PrefabInstance: {fileID: 100100000}
  m_PrefabAsset: {fileID: 0}
  m_GameObject: {fileID: 1457305895479802}
  m_LocalRotation: {x: -0.006960623, y: 2.943834E-05, z: -0.004249121, w: 0.9999667}
  m_LocalPosition: {x: 9.313226E-12, y: 0.00334694, z: -1.156004E-09}
  m_LocalScale: {x: 1, y: 0.9999999, z: 0.9999999}
  m_Children:
  - {fileID: 4766969079517961}
  m_Father: {fileID: 4486844190902260}
  m_RootOrder: 0
  m_LocalEulerAnglesHint: {x: -0.7976422, y: 1.594704E-05, z: 0.4869266}
--- !u!1 &1246623789596004
GameObject:
  m_CorrespondingSourceObject: {fileID: 0}
  m_PrefabInstance: {fileID: 100100000}
  m_PrefabAsset: {fileID: 0}
  serializedVersion: 5
  m_Component:
  - component: {fileID: 4766969079517961}
  m_Layer: 0
  m_Name: LeftHand
  m_TagString: Untagged
  m_Icon: {fileID: 0}
  m_NavMeshLayer: 0
  m_StaticEditorFlags: 0
  m_IsActive: 1
--- !u!4 &4766969079517961
Transform:
  m_CorrespondingSourceObject: {fileID: 0}
  m_PrefabInstance: {fileID: 100100000}
  m_PrefabAsset: {fileID: 0}
  m_GameObject: {fileID: 1246623789596004}
  m_LocalRotation: {x: -0.06455998, y: 0.02832363, z: 0.01262294, w: 0.9974319}
  m_LocalPosition: {x: 1.018634E-11, y: 0.002737132, z: -7.665949E-10}
  m_LocalScale: {x: 1, y: 1, z: 1}
  m_Children:
  - {fileID: 4117312396734702}
  - {fileID: 4919079848725443}
  - {fileID: 4768178858630167}
  - {fileID: 4830839570184540}
  - {fileID: 4237142639034270}
  m_Father: {fileID: 4704272942273952}
  m_RootOrder: 0
  m_LocalEulerAnglesHint: {x: -7.370805, y: -3.332577, z: -1.235414}
--- !u!1 &1921837175229309
GameObject:
  m_CorrespondingSourceObject: {fileID: 0}
  m_PrefabInstance: {fileID: 100100000}
  m_PrefabAsset: {fileID: 0}
  serializedVersion: 5
  m_Component:
  - component: {fileID: 4117312396734702}
  m_Layer: 0
  m_Name: LeftHandIndex1
  m_TagString: Untagged
  m_Icon: {fileID: 0}
  m_NavMeshLayer: 0
  m_StaticEditorFlags: 0
  m_IsActive: 1
--- !u!4 &4117312396734702
Transform:
  m_CorrespondingSourceObject: {fileID: 0}
  m_PrefabInstance: {fileID: 100100000}
  m_PrefabAsset: {fileID: 0}
  m_GameObject: {fileID: 1921837175229309}
  m_LocalRotation: {x: 0.03282817, y: -0.001456517, z: -0.1097009, w: 0.9934213}
  m_LocalPosition: {x: 0.0003959242, y: 0.001110128, z: -4.872128E-05}
  m_LocalScale: {x: 0.9999999, y: 0.9999999, z: 0.9999999}
  m_Children:
  - {fileID: 4655971298022914}
  m_Father: {fileID: 4766969079517961}
  m_RootOrder: 0
  m_LocalEulerAnglesHint: {x: 3.758122, y: -0.2468707, z: 12.59489}
--- !u!1 &1742540080847601
GameObject:
  m_CorrespondingSourceObject: {fileID: 0}
  m_PrefabInstance: {fileID: 100100000}
  m_PrefabAsset: {fileID: 0}
  serializedVersion: 5
  m_Component:
  - component: {fileID: 4655971298022914}
  m_Layer: 0
  m_Name: LeftHandIndex2
  m_TagString: Untagged
  m_Icon: {fileID: 0}
  m_NavMeshLayer: 0
  m_StaticEditorFlags: 0
  m_IsActive: 1
--- !u!4 &4655971298022914
Transform:
  m_CorrespondingSourceObject: {fileID: 0}
  m_PrefabInstance: {fileID: 100100000}
  m_PrefabAsset: {fileID: 0}
  m_GameObject: {fileID: 1742540080847601}
  m_LocalRotation: {x: 0.06884801, y: 0.06095865, z: 0.01544263, w: 0.9956433}
  m_LocalPosition: {x: 1.024455E-10, y: 0.0005313425, z: -9.19681E-11}
  m_LocalScale: {x: 0.9999999, y: 0.9999999, z: 0.9999999}
  m_Children:
  - {fileID: 4894976609634466}
  m_Father: {fileID: 4117312396734702}
  m_RootOrder: 0
  m_LocalEulerAnglesHint: {x: 8.046564, y: -6.849382, z: -2.25952}
--- !u!1 &1705212516306384
GameObject:
  m_CorrespondingSourceObject: {fileID: 0}
  m_PrefabInstance: {fileID: 100100000}
  m_PrefabAsset: {fileID: 0}
  serializedVersion: 5
  m_Component:
  - component: {fileID: 4894976609634466}
  m_Layer: 0
  m_Name: LeftHandIndex3
  m_TagString: Untagged
  m_Icon: {fileID: 0}
  m_NavMeshLayer: 0
  m_StaticEditorFlags: 0
  m_IsActive: 1
--- !u!4 &4894976609634466
Transform:
  m_CorrespondingSourceObject: {fileID: 0}
  m_PrefabInstance: {fileID: 100100000}
  m_PrefabAsset: {fileID: 0}
  m_GameObject: {fileID: 1705212516306384}
  m_LocalRotation: {x: 0.004823869, y: -0.05653369, z: 0.005756791, w: 0.9983725}
  m_LocalPosition: {x: -7.45058E-11, y: 0.0003363438, z: 5.238689E-10}
  m_LocalScale: {x: 1, y: 1, z: 1}
  m_Children:
  - {fileID: 4919985883652883}
  m_Father: {fileID: 4655971298022914}
  m_RootOrder: 0
  m_LocalEulerAnglesHint: {x: 0.5179014, y: 6.484757, z: -0.6314081}
--- !u!1 &1727772110935800
GameObject:
  m_CorrespondingSourceObject: {fileID: 0}
  m_PrefabInstance: {fileID: 100100000}
  m_PrefabAsset: {fileID: 0}
  serializedVersion: 5
  m_Component:
  - component: {fileID: 4919985883652883}
  m_Layer: 0
  m_Name: LeftHandIndex3_end
  m_TagString: Untagged
  m_Icon: {fileID: 0}
  m_NavMeshLayer: 0
  m_StaticEditorFlags: 0
  m_IsActive: 1
--- !u!4 &4919985883652883
Transform:
  m_CorrespondingSourceObject: {fileID: 0}
  m_PrefabInstance: {fileID: 100100000}
  m_PrefabAsset: {fileID: 0}
  m_GameObject: {fileID: 1727772110935800}
  m_LocalRotation: {x: 0, y: 0, z: 0, w: 1}
  m_LocalPosition: {x: 0, y: 0.0003357995, z: 0}
  m_LocalScale: {x: 1, y: 1, z: 1}
  m_Children: []
  m_Father: {fileID: 4894976609634466}
  m_RootOrder: 0
  m_LocalEulerAnglesHint: {x: 0, y: 0, z: 0}
--- !u!1 &1092502507794480
GameObject:
  m_CorrespondingSourceObject: {fileID: 0}
  m_PrefabInstance: {fileID: 100100000}
  m_PrefabAsset: {fileID: 0}
  serializedVersion: 5
  m_Component:
  - component: {fileID: 4919079848725443}
  m_Layer: 0
  m_Name: LeftHandMiddle1
  m_TagString: Untagged
  m_Icon: {fileID: 0}
  m_NavMeshLayer: 0
  m_StaticEditorFlags: 0
  m_IsActive: 1
--- !u!4 &4919079848725443
Transform:
  m_CorrespondingSourceObject: {fileID: 0}
  m_PrefabInstance: {fileID: 100100000}
  m_PrefabAsset: {fileID: 0}
  m_GameObject: {fileID: 1092502507794480}
  m_LocalRotation: {x: -0.02467049, y: -0.001062265, z: -0.06158492, w: 0.9977964}
  m_LocalPosition: {x: 0.0001167138, y: 0.001193551, z: -4.548967E-05}
  m_LocalScale: {x: 1, y: 0.9999999, z: 1}
  m_Children:
  - {fileID: 4460116253545525}
  m_Father: {fileID: 4766969079517961}
  m_RootOrder: 1
  m_LocalEulerAnglesHint: {x: -2.814473, y: 0.295562, z: 7.056476}
--- !u!1 &1774401719802659
GameObject:
  m_CorrespondingSourceObject: {fileID: 0}
  m_PrefabInstance: {fileID: 100100000}
  m_PrefabAsset: {fileID: 0}
  serializedVersion: 5
  m_Component:
  - component: {fileID: 4460116253545525}
  m_Layer: 0
  m_Name: LeftHandMiddle2
  m_TagString: Untagged
  m_Icon: {fileID: 0}
  m_NavMeshLayer: 0
  m_StaticEditorFlags: 0
  m_IsActive: 1
--- !u!4 &4460116253545525
Transform:
  m_CorrespondingSourceObject: {fileID: 0}
  m_PrefabInstance: {fileID: 100100000}
  m_PrefabAsset: {fileID: 0}
  m_GameObject: {fileID: 1774401719802659}
  m_LocalRotation: {x: 0.1344711, y: 0.002788171, z: 0.0007806013, w: 0.9909133}
  m_LocalPosition: {x: -8.381903E-11, y: 0.000532111, z: 7.869675E-10}
  m_LocalScale: {x: 0.9999999, y: 0.9999999, z: 0.9999999}
  m_Children:
  - {fileID: 4134209393099133}
  m_Father: {fileID: 4919079848725443}
  m_RootOrder: 0
  m_LocalEulerAnglesHint: {x: 15.45649, y: -0.3045706, z: -0.1316031}
--- !u!1 &1194863378057026
GameObject:
  m_CorrespondingSourceObject: {fileID: 0}
  m_PrefabInstance: {fileID: 100100000}
  m_PrefabAsset: {fileID: 0}
  serializedVersion: 5
  m_Component:
  - component: {fileID: 4134209393099133}
  m_Layer: 0
  m_Name: LeftHandMiddle3
  m_TagString: Untagged
  m_Icon: {fileID: 0}
  m_NavMeshLayer: 0
  m_StaticEditorFlags: 0
  m_IsActive: 1
--- !u!4 &4134209393099133
Transform:
  m_CorrespondingSourceObject: {fileID: 0}
  m_PrefabInstance: {fileID: 100100000}
  m_PrefabAsset: {fileID: 0}
  m_GameObject: {fileID: 1194863378057026}
  m_LocalRotation: {x: 0.01087047, y: 0.006479894, z: 0.005190673, w: 0.9999065}
  m_LocalPosition: {x: -3.72529E-11, y: 0.0003608383, z: -4.924368E-10}
  m_LocalScale: {x: 0.9999998, y: 1, z: 1}
  m_Children:
  - {fileID: 4491356488105430}
  m_Father: {fileID: 4460116253545525}
  m_RootOrder: 0
  m_LocalEulerAnglesHint: {x: 1.249603, y: -0.736026, z: -0.6028843}
--- !u!1 &1914178480951883
GameObject:
  m_CorrespondingSourceObject: {fileID: 0}
  m_PrefabInstance: {fileID: 100100000}
  m_PrefabAsset: {fileID: 0}
  serializedVersion: 5
  m_Component:
  - component: {fileID: 4491356488105430}
  m_Layer: 0
  m_Name: LeftHandMiddle3_end
  m_TagString: Untagged
  m_Icon: {fileID: 0}
  m_NavMeshLayer: 0
  m_StaticEditorFlags: 0
  m_IsActive: 1
--- !u!4 &4491356488105430
Transform:
  m_CorrespondingSourceObject: {fileID: 0}
  m_PrefabInstance: {fileID: 100100000}
  m_PrefabAsset: {fileID: 0}
  m_GameObject: {fileID: 1914178480951883}
  m_LocalRotation: {x: 0, y: 0, z: 0, w: 1}
  m_LocalPosition: {x: 0, y: 0.0004356837, z: 0}
  m_LocalScale: {x: 1, y: 1, z: 1}
  m_Children: []
  m_Father: {fileID: 4134209393099133}
  m_RootOrder: 0
  m_LocalEulerAnglesHint: {x: 0, y: 0, z: 0}
--- !u!1 &1108380365423261
GameObject:
  m_CorrespondingSourceObject: {fileID: 0}
  m_PrefabInstance: {fileID: 100100000}
  m_PrefabAsset: {fileID: 0}
  serializedVersion: 5
  m_Component:
  - component: {fileID: 4768178858630167}
  m_Layer: 0
  m_Name: LeftHandPinky1
  m_TagString: Untagged
  m_Icon: {fileID: 0}
  m_NavMeshLayer: 0
  m_StaticEditorFlags: 0
  m_IsActive: 1
--- !u!4 &4768178858630167
Transform:
  m_CorrespondingSourceObject: {fileID: 0}
  m_PrefabInstance: {fileID: 100100000}
  m_PrefabAsset: {fileID: 0}
  m_GameObject: {fileID: 1108380365423261}
  m_LocalRotation: {x: 0.04452914, y: 0.006246471, z: 0.06025364, w: 0.9971699}
  m_LocalPosition: {x: -0.0004848002, y: 0.001125915, z: -7.299134E-05}
  m_LocalScale: {x: 1, y: 0.9999999, z: 0.9999999}
  m_Children:
  - {fileID: 4498913017032363}
  m_Father: {fileID: 4766969079517961}
  m_RootOrder: 2
  m_LocalEulerAnglesHint: {x: 5.138366, y: -0.4063164, z: -6.933979}
--- !u!1 &1382044976489722
GameObject:
  m_CorrespondingSourceObject: {fileID: 0}
  m_PrefabInstance: {fileID: 100100000}
  m_PrefabAsset: {fileID: 0}
  serializedVersion: 5
  m_Component:
  - component: {fileID: 4498913017032363}
  m_Layer: 0
  m_Name: LeftHandPinky2
  m_TagString: Untagged
  m_Icon: {fileID: 0}
  m_NavMeshLayer: 0
  m_StaticEditorFlags: 0
  m_IsActive: 1
--- !u!4 &4498913017032363
Transform:
  m_CorrespondingSourceObject: {fileID: 0}
  m_PrefabInstance: {fileID: 100100000}
  m_PrefabAsset: {fileID: 0}
  m_GameObject: {fileID: 1382044976489722}
  m_LocalRotation: {x: 0.06586828, y: 0.008357838, z: -0.05048659, w: 0.9965153}
  m_LocalPosition: {x: -7.45058E-11, y: 0.0003962569, z: -1.564622E-09}
  m_LocalScale: {x: 0.9999999, y: 1, z: 1}
  m_Children:
  - {fileID: 4325458418772284}
  m_Father: {fileID: 4768178858630167}
  m_RootOrder: 0
  m_LocalEulerAnglesHint: {x: 7.496696, y: -1.335591, z: 5.713104}
--- !u!1 &1033919371071482
GameObject:
  m_CorrespondingSourceObject: {fileID: 0}
  m_PrefabInstance: {fileID: 100100000}
  m_PrefabAsset: {fileID: 0}
  serializedVersion: 5
  m_Component:
  - component: {fileID: 4325458418772284}
  m_Layer: 0
  m_Name: LeftHandPinky3
  m_TagString: Untagged
  m_Icon: {fileID: 0}
  m_NavMeshLayer: 0
  m_StaticEditorFlags: 0
  m_IsActive: 1
--- !u!4 &4325458418772284
Transform:
  m_CorrespondingSourceObject: {fileID: 0}
  m_PrefabInstance: {fileID: 100100000}
  m_PrefabAsset: {fileID: 0}
  m_GameObject: {fileID: 1033919371071482}
  m_LocalRotation: {x: 0.01700366, y: 0.001337216, z: 0.06026249, w: 0.9980369}
  m_LocalPosition: {x: 3.72529E-11, y: 0.0002445158, z: 5.215406E-10}
  m_LocalScale: {x: 1, y: 1, z: 1}
  m_Children:
  - {fileID: 4335236820995821}
  m_Father: {fileID: 4498913017032363}
  m_RootOrder: 0
  m_LocalEulerAnglesHint: {x: 1.954264, y: -0.03551283, z: -6.911371}
--- !u!1 &1847483872539957
GameObject:
  m_CorrespondingSourceObject: {fileID: 0}
  m_PrefabInstance: {fileID: 100100000}
  m_PrefabAsset: {fileID: 0}
  serializedVersion: 5
  m_Component:
  - component: {fileID: 4335236820995821}
  m_Layer: 0
  m_Name: LeftHandPinky3_end
  m_TagString: Untagged
  m_Icon: {fileID: 0}
  m_NavMeshLayer: 0
  m_StaticEditorFlags: 0
  m_IsActive: 1
--- !u!4 &4335236820995821
Transform:
  m_CorrespondingSourceObject: {fileID: 0}
  m_PrefabInstance: {fileID: 100100000}
  m_PrefabAsset: {fileID: 0}
  m_GameObject: {fileID: 1847483872539957}
  m_LocalRotation: {x: 0, y: 0, z: 0, w: 1}
  m_LocalPosition: {x: 0, y: 0.0003066576, z: 0}
  m_LocalScale: {x: 1, y: 1, z: 1}
  m_Children: []
  m_Father: {fileID: 4325458418772284}
  m_RootOrder: 0
  m_LocalEulerAnglesHint: {x: 0, y: 0, z: 0}
--- !u!1 &1369920681205730
GameObject:
  m_CorrespondingSourceObject: {fileID: 0}
  m_PrefabInstance: {fileID: 100100000}
  m_PrefabAsset: {fileID: 0}
  serializedVersion: 5
  m_Component:
  - component: {fileID: 4830839570184540}
  m_Layer: 0
  m_Name: LeftHandRing1
  m_TagString: Untagged
  m_Icon: {fileID: 0}
  m_NavMeshLayer: 0
  m_StaticEditorFlags: 0
  m_IsActive: 1
--- !u!4 &4830839570184540
Transform:
  m_CorrespondingSourceObject: {fileID: 0}
  m_PrefabInstance: {fileID: 100100000}
  m_PrefabAsset: {fileID: 0}
  m_GameObject: {fileID: 1369920681205730}
  m_LocalRotation: {x: -0.02009918, y: 0.0002687908, z: -0.01645699, w: 0.9996625}
  m_LocalPosition: {x: -0.0001754799, y: 0.0012459, z: -3.30409E-05}
  m_LocalScale: {x: 1, y: 1, z: 0.9999999}
  m_Children:
  - {fileID: 4341402120498162}
  m_Father: {fileID: 4766969079517961}
  m_RootOrder: 3
  m_LocalEulerAnglesHint: {x: -2.303547, y: 0.007112929, z: 1.886156}
--- !u!1 &1326080783448088
GameObject:
  m_CorrespondingSourceObject: {fileID: 0}
  m_PrefabInstance: {fileID: 100100000}
  m_PrefabAsset: {fileID: 0}
  serializedVersion: 5
  m_Component:
  - component: {fileID: 4341402120498162}
  m_Layer: 0
  m_Name: LeftHandRing2
  m_TagString: Untagged
  m_Icon: {fileID: 0}
  m_NavMeshLayer: 0
  m_StaticEditorFlags: 0
  m_IsActive: 1
--- !u!4 &4341402120498162
Transform:
  m_CorrespondingSourceObject: {fileID: 0}
  m_PrefabInstance: {fileID: 100100000}
  m_PrefabAsset: {fileID: 0}
  m_GameObject: {fileID: 1326080783448088}
  m_LocalRotation: {x: 0.126343, y: -0.006201716, z: 0.008348563, w: 0.9919321}
  m_LocalPosition: {x: 2.328306E-11, y: 0.0004996673, z: -3.818423E-10}
  m_LocalScale: {x: 0.9999999, y: 1, z: 0.9999999}
  m_Children:
  - {fileID: 4812156520877664}
  m_Father: {fileID: 4830839570184540}
  m_RootOrder: 0
  m_LocalEulerAnglesHint: {x: 14.51124, y: 0.8258285, z: -0.8592905}
--- !u!1 &1555966688605232
GameObject:
  m_CorrespondingSourceObject: {fileID: 0}
  m_PrefabInstance: {fileID: 100100000}
  m_PrefabAsset: {fileID: 0}
  serializedVersion: 5
  m_Component:
  - component: {fileID: 4812156520877664}
  m_Layer: 0
  m_Name: LeftHandRing3
  m_TagString: Untagged
  m_Icon: {fileID: 0}
  m_NavMeshLayer: 0
  m_StaticEditorFlags: 0
  m_IsActive: 1
--- !u!4 &4812156520877664
Transform:
  m_CorrespondingSourceObject: {fileID: 0}
  m_PrefabInstance: {fileID: 100100000}
  m_PrefabAsset: {fileID: 0}
  m_GameObject: {fileID: 1555966688605232}
  m_LocalRotation: {x: 0.07025932, y: 0.003492803, z: -0.006474868, w: 0.9975016}
  m_LocalPosition: {x: -1.862645E-11, y: 0.0003218378, z: -1.210719E-10}
  m_LocalScale: {x: 1, y: 0.9999999, z: 1}
  m_Children:
  - {fileID: 4155633203661119}
  m_Father: {fileID: 4341402120498162}
  m_RootOrder: 0
  m_LocalEulerAnglesHint: {x: 8.055177, y: -0.4513804, z: 0.712031}
--- !u!1 &1553911363823150
GameObject:
  m_CorrespondingSourceObject: {fileID: 0}
  m_PrefabInstance: {fileID: 100100000}
  m_PrefabAsset: {fileID: 0}
  serializedVersion: 5
  m_Component:
  - component: {fileID: 4155633203661119}
  m_Layer: 0
  m_Name: LeftHandRing3_end
  m_TagString: Untagged
  m_Icon: {fileID: 0}
  m_NavMeshLayer: 0
  m_StaticEditorFlags: 0
  m_IsActive: 1
--- !u!4 &4155633203661119
Transform:
  m_CorrespondingSourceObject: {fileID: 0}
  m_PrefabInstance: {fileID: 100100000}
  m_PrefabAsset: {fileID: 0}
  m_GameObject: {fileID: 1553911363823150}
  m_LocalRotation: {x: 0, y: 0, z: 0, w: 1}
  m_LocalPosition: {x: 0, y: 0.0003628631, z: 0}
  m_LocalScale: {x: 1, y: 1, z: 1}
  m_Children: []
  m_Father: {fileID: 4812156520877664}
  m_RootOrder: 0
  m_LocalEulerAnglesHint: {x: 0, y: 0, z: 0}
--- !u!1 &1472294669337914
GameObject:
  m_CorrespondingSourceObject: {fileID: 0}
  m_PrefabInstance: {fileID: 100100000}
  m_PrefabAsset: {fileID: 0}
  serializedVersion: 5
  m_Component:
  - component: {fileID: 4237142639034270}
  m_Layer: 0
  m_Name: LeftHandThumb1
  m_TagString: Untagged
  m_Icon: {fileID: 0}
  m_NavMeshLayer: 0
  m_StaticEditorFlags: 0
  m_IsActive: 1
--- !u!4 &4237142639034270
Transform:
  m_CorrespondingSourceObject: {fileID: 0}
  m_PrefabInstance: {fileID: 100100000}
  m_PrefabAsset: {fileID: 0}
  m_GameObject: {fileID: 1472294669337914}
  m_LocalRotation: {x: 0.07079154, y: -0.01780453, z: -0.3140002, w: 0.9466126}
  m_LocalPosition: {x: 0.0004962922, y: 0.000414949, z: 0.0001519261}
  m_LocalScale: {x: 1, y: 0.9999999, z: 1}
  m_Children:
  - {fileID: 4841402272661395}
  m_Father: {fileID: 4766969079517961}
  m_RootOrder: 4
  m_LocalEulerAnglesHint: {x: 8.349669, y: -0.6158913, z: 36.65737}
--- !u!1 &1960823387573976
GameObject:
  m_CorrespondingSourceObject: {fileID: 0}
  m_PrefabInstance: {fileID: 100100000}
  m_PrefabAsset: {fileID: 0}
  serializedVersion: 5
  m_Component:
  - component: {fileID: 4841402272661395}
  m_Layer: 0
  m_Name: LeftHandThumb2
  m_TagString: Untagged
  m_Icon: {fileID: 0}
  m_NavMeshLayer: 0
  m_StaticEditorFlags: 0
  m_IsActive: 1
--- !u!4 &4841402272661395
Transform:
  m_CorrespondingSourceObject: {fileID: 0}
  m_PrefabInstance: {fileID: 100100000}
  m_PrefabAsset: {fileID: 0}
  m_GameObject: {fileID: 1960823387573976}
  m_LocalRotation: {x: -0.05537035, y: 0.1904618, z: 0.1333903, w: 0.9710127}
  m_LocalPosition: {x: -1.676381E-10, y: 0.0005678575, z: -6.036134E-10}
  m_LocalScale: {x: 0.9999999, y: 1, z: 0.9999999}
  m_Children:
  - {fileID: 4478919399312704}
  m_Father: {fileID: 4237142639034270}
  m_RootOrder: 0
  m_LocalEulerAnglesHint: {x: -3.522859, y: -22.62222, z: -14.93893}
--- !u!1 &1918589322247073
GameObject:
  m_CorrespondingSourceObject: {fileID: 0}
  m_PrefabInstance: {fileID: 100100000}
  m_PrefabAsset: {fileID: 0}
  serializedVersion: 5
  m_Component:
  - component: {fileID: 4478919399312704}
  m_Layer: 0
  m_Name: LeftHandThumb3
  m_TagString: Untagged
  m_Icon: {fileID: 0}
  m_NavMeshLayer: 0
  m_StaticEditorFlags: 0
  m_IsActive: 1
--- !u!4 &4478919399312704
Transform:
  m_CorrespondingSourceObject: {fileID: 0}
  m_PrefabInstance: {fileID: 100100000}
  m_PrefabAsset: {fileID: 0}
  m_GameObject: {fileID: 1918589322247073}
  m_LocalRotation: {x: 0.05808681, y: -0.2374264, z: 0.09560585, w: 0.9649426}
  m_LocalPosition: {x: 2.235174E-10, y: 0.0004628992, z: 2.700835E-10}
  m_LocalScale: {x: 1, y: 1, z: 1}
  m_Children:
  - {fileID: 4508714717395934}
  m_Father: {fileID: 4841402272661395}
  m_RootOrder: 0
  m_LocalEulerAnglesHint: {x: 4.332114, y: 27.98968, z: -10.23653}
--- !u!1 &1863959182482579
GameObject:
  m_CorrespondingSourceObject: {fileID: 0}
  m_PrefabInstance: {fileID: 100100000}
  m_PrefabAsset: {fileID: 0}
  serializedVersion: 5
  m_Component:
  - component: {fileID: 4508714717395934}
  m_Layer: 0
  m_Name: LeftHandThumb3_end
  m_TagString: Untagged
  m_Icon: {fileID: 0}
  m_NavMeshLayer: 0
  m_StaticEditorFlags: 0
  m_IsActive: 1
--- !u!4 &4508714717395934
Transform:
  m_CorrespondingSourceObject: {fileID: 0}
  m_PrefabInstance: {fileID: 100100000}
  m_PrefabAsset: {fileID: 0}
  m_GameObject: {fileID: 1863959182482579}
  m_LocalRotation: {x: 0, y: 0, z: 0, w: 1}
  m_LocalPosition: {x: 0, y: 0.0003818432, z: 0}
  m_LocalScale: {x: 1, y: 1, z: 1}
  m_Children: []
  m_Father: {fileID: 4478919399312704}
  m_RootOrder: 0
  m_LocalEulerAnglesHint: {x: 0, y: 0, z: 0}
--- !u!1 &1912057210824099
GameObject:
  m_CorrespondingSourceObject: {fileID: 0}
  m_PrefabInstance: {fileID: 100100000}
  m_PrefabAsset: {fileID: 0}
  serializedVersion: 5
  m_Component:
  - component: {fileID: 4740574836116936}
  m_Layer: 0
  m_Name: Neck
  m_TagString: Untagged
  m_Icon: {fileID: 0}
  m_NavMeshLayer: 0
  m_StaticEditorFlags: 0
  m_IsActive: 1
--- !u!4 &4740574836116936
Transform:
  m_CorrespondingSourceObject: {fileID: 0}
  m_PrefabInstance: {fileID: 100100000}
  m_PrefabAsset: {fileID: 0}
  m_GameObject: {fileID: 1912057210824099}
  m_LocalRotation: {x: 0.3464198, y: -0.008183268, z: 0.02607788, w: 0.9376814}
  m_LocalPosition: {x: 0, y: 0.001648936, z: 1.117587E-10}
  m_LocalScale: {x: 1, y: 1, z: 0.9999999}
  m_Children:
  - {fileID: 4648502423015366}
  m_Father: {fileID: 4956791055147140}
  m_RootOrder: 1
  m_LocalEulerAnglesHint: {x: 40.51135, y: 1.91486, z: -2.479387}
--- !u!1 &1788141613307751
GameObject:
  m_CorrespondingSourceObject: {fileID: 0}
  m_PrefabInstance: {fileID: 100100000}
  m_PrefabAsset: {fileID: 0}
  serializedVersion: 5
  m_Component:
  - component: {fileID: 4648502423015366}
  m_Layer: 0
  m_Name: Head
  m_TagString: Untagged
  m_Icon: {fileID: 0}
  m_NavMeshLayer: 0
  m_StaticEditorFlags: 0
  m_IsActive: 1
--- !u!4 &4648502423015366
Transform:
  m_CorrespondingSourceObject: {fileID: 0}
  m_PrefabInstance: {fileID: 100100000}
  m_PrefabAsset: {fileID: 0}
  m_GameObject: {fileID: 1788141613307751}
  m_LocalRotation: {x: -0.05980508, y: 0.7036074, z: -0.09838295, w: 0.7011995}
  m_LocalPosition: {x: 9.604264E-11, y: 0.0007881583, z: 1.815924E-09}
  m_LocalScale: {x: 1, y: 1, z: 1}
  m_Children:
  - {fileID: 4183331034458998}
  m_Father: {fileID: 4740574836116936}
  m_RootOrder: 0
  m_LocalEulerAnglesHint: {x: -89.29903, y: -77.15389, z: 92.44508}
--- !u!1 &1719312783110026
GameObject:
  m_CorrespondingSourceObject: {fileID: 0}
  m_PrefabInstance: {fileID: 100100000}
  m_PrefabAsset: {fileID: 0}
  serializedVersion: 5
  m_Component:
  - component: {fileID: 4183331034458998}
  m_Layer: 0
  m_Name: Jaw
  m_TagString: Untagged
  m_Icon: {fileID: 0}
  m_NavMeshLayer: 0
  m_StaticEditorFlags: 0
  m_IsActive: 1
--- !u!4 &4183331034458998
Transform:
  m_CorrespondingSourceObject: {fileID: 0}
  m_PrefabInstance: {fileID: 100100000}
  m_PrefabAsset: {fileID: 0}
  m_GameObject: {fileID: 1719312783110026}
  m_LocalRotation: {x: 0.5269497, y: -0.4715126, z: 0.5269492, w: 0.471513}
  m_LocalPosition: {x: -0.0005369447, y: 0.0006834961, z: -4.911201E-10}
  m_LocalScale: {x: 1, y: 1, z: 0.9999999}
  m_Children:
  - {fileID: 4146871215090269}
  m_Father: {fileID: 4648502423015366}
  m_RootOrder: 0
  m_LocalEulerAnglesHint: {x: 96.35583, y: 89.99995, z: 0}
--- !u!1 &1896674552683303
GameObject:
  m_CorrespondingSourceObject: {fileID: 0}
  m_PrefabInstance: {fileID: 100100000}
  m_PrefabAsset: {fileID: 0}
  serializedVersion: 5
  m_Component:
  - component: {fileID: 4146871215090269}
  m_Layer: 0
  m_Name: Jaw_end
  m_TagString: Untagged
  m_Icon: {fileID: 0}
  m_NavMeshLayer: 0
  m_StaticEditorFlags: 0
  m_IsActive: 1
--- !u!4 &4146871215090269
Transform:
  m_CorrespondingSourceObject: {fileID: 0}
  m_PrefabInstance: {fileID: 100100000}
  m_PrefabAsset: {fileID: 0}
  m_GameObject: {fileID: 1896674552683303}
  m_LocalRotation: {x: 0, y: 0, z: 0, w: 1}
  m_LocalPosition: {x: 0, y: 0.0009686915, z: 0}
  m_LocalScale: {x: 1, y: 1, z: 1}
  m_Children: []
  m_Father: {fileID: 4183331034458998}
  m_RootOrder: 0
  m_LocalEulerAnglesHint: {x: 0, y: 0, z: 0}
--- !u!1 &1429896335454846
GameObject:
  m_CorrespondingSourceObject: {fileID: 0}
  m_PrefabInstance: {fileID: 100100000}
  m_PrefabAsset: {fileID: 0}
  serializedVersion: 5
  m_Component:
  - component: {fileID: 4275894762729748}
  m_Layer: 0
  m_Name: RightShoulder
  m_TagString: Untagged
  m_Icon: {fileID: 0}
  m_NavMeshLayer: 0
  m_StaticEditorFlags: 0
  m_IsActive: 1
--- !u!4 &4275894762729748
Transform:
  m_CorrespondingSourceObject: {fileID: 0}
  m_PrefabInstance: {fileID: 100100000}
  m_PrefabAsset: {fileID: 0}
  m_GameObject: {fileID: 1429896335454846}
  m_LocalRotation: {x: -0.5642897, y: -0.4188654, z: 0.5860074, w: -0.4033909}
  m_LocalPosition: {x: 0.0007651657, y: 0.001433652, z: -2.895359E-05}
  m_LocalScale: {x: 0.9999998, y: 0.9999998, z: 1}
  m_Children:
  - {fileID: 4413589619783330}
  m_Father: {fileID: 4956791055147140}
  m_RootOrder: 2
  m_LocalEulerAnglesHint: {x: -71.02892, y: -87.8391, z: 179.9129}
--- !u!1 &1454925900695680
GameObject:
  m_CorrespondingSourceObject: {fileID: 0}
  m_PrefabInstance: {fileID: 100100000}
  m_PrefabAsset: {fileID: 0}
  serializedVersion: 5
  m_Component:
  - component: {fileID: 4413589619783330}
  m_Layer: 0
  m_Name: RightArm
  m_TagString: Untagged
  m_Icon: {fileID: 0}
  m_NavMeshLayer: 0
  m_StaticEditorFlags: 0
  m_IsActive: 1
--- !u!4 &4413589619783330
Transform:
  m_CorrespondingSourceObject: {fileID: 0}
  m_PrefabInstance: {fileID: 100100000}
  m_PrefabAsset: {fileID: 0}
  m_GameObject: {fileID: 1454925900695680}
  m_LocalRotation: {x: 0.336305, y: 0.04737156, z: -0.01694082, w: 0.9404083}
  m_LocalPosition: {x: 1.303852E-10, y: 0.001607736, z: 1.806766E-09}
  m_LocalScale: {x: 1, y: 1, z: 1}
  m_Children:
  - {fileID: 4819760956953204}
  m_Father: {fileID: 4275894762729748}
  m_RootOrder: 0
  m_LocalEulerAnglesHint: {x: 39.35572, y: -5.76749, z: -2.610709E-07}
--- !u!1 &1607546673265391
GameObject:
  m_CorrespondingSourceObject: {fileID: 0}
  m_PrefabInstance: {fileID: 100100000}
  m_PrefabAsset: {fileID: 0}
  serializedVersion: 5
  m_Component:
  - component: {fileID: 4819760956953204}
  m_Layer: 0
  m_Name: RightForeArm
  m_TagString: Untagged
  m_Icon: {fileID: 0}
  m_NavMeshLayer: 0
  m_StaticEditorFlags: 0
  m_IsActive: 1
--- !u!4 &4819760956953204
Transform:
  m_CorrespondingSourceObject: {fileID: 0}
  m_PrefabInstance: {fileID: 100100000}
  m_PrefabAsset: {fileID: 0}
  m_GameObject: {fileID: 1607546673265391}
  m_LocalRotation: {x: -0.006960623, y: -2.943834E-05, z: 0.004249121, w: 0.9999667}
  m_LocalPosition: {x: -9.313226E-12, y: 0.00334694, z: -1.156004E-09}
  m_LocalScale: {x: 1, y: 0.9999999, z: 0.9999999}
  m_Children:
  - {fileID: 4715562037200514}
  m_Father: {fileID: 4413589619783330}
  m_RootOrder: 0
  m_LocalEulerAnglesHint: {x: -0.7976422, y: -1.594704E-05, z: -0.4869266}
--- !u!1 &1148843968534636
GameObject:
  m_CorrespondingSourceObject: {fileID: 0}
  m_PrefabInstance: {fileID: 100100000}
  m_PrefabAsset: {fileID: 0}
  serializedVersion: 5
  m_Component:
  - component: {fileID: 4715562037200514}
  m_Layer: 0
  m_Name: RightHand
  m_TagString: Untagged
  m_Icon: {fileID: 0}
  m_NavMeshLayer: 0
  m_StaticEditorFlags: 0
  m_IsActive: 1
--- !u!4 &4715562037200514
Transform:
  m_CorrespondingSourceObject: {fileID: 0}
  m_PrefabInstance: {fileID: 100100000}
  m_PrefabAsset: {fileID: 0}
  m_GameObject: {fileID: 1148843968534636}
  m_LocalRotation: {x: -0.06455998, y: -0.02832363, z: -0.01262294, w: 0.9974319}
  m_LocalPosition: {x: -1.018634E-11, y: 0.002737132, z: -7.665949E-10}
  m_LocalScale: {x: 1, y: 1, z: 1}
  m_Children:
  - {fileID: 4735865954262478}
  - {fileID: 4714305927021051}
  - {fileID: 4411658048982499}
  - {fileID: 4421603050994669}
  - {fileID: 4752495509155027}
  m_Father: {fileID: 4819760956953204}
  m_RootOrder: 0
  m_LocalEulerAnglesHint: {x: -7.370805, y: 3.332577, z: 1.235414}
--- !u!1 &1602724389047614
GameObject:
  m_CorrespondingSourceObject: {fileID: 0}
  m_PrefabInstance: {fileID: 100100000}
  m_PrefabAsset: {fileID: 0}
  serializedVersion: 5
  m_Component:
  - component: {fileID: 4735865954262478}
  m_Layer: 0
  m_Name: RightHandIndex1
  m_TagString: Untagged
  m_Icon: {fileID: 0}
  m_NavMeshLayer: 0
  m_StaticEditorFlags: 0
  m_IsActive: 1
--- !u!4 &4735865954262478
Transform:
  m_CorrespondingSourceObject: {fileID: 0}
  m_PrefabInstance: {fileID: 100100000}
  m_PrefabAsset: {fileID: 0}
  m_GameObject: {fileID: 1602724389047614}
  m_LocalRotation: {x: 0.03282817, y: 0.001456517, z: 0.1097009, w: 0.9934213}
  m_LocalPosition: {x: -0.0003959242, y: 0.001110128, z: -4.872128E-05}
  m_LocalScale: {x: 0.9999999, y: 0.9999999, z: 0.9999999}
  m_Children:
  - {fileID: 4302415841651143}
  m_Father: {fileID: 4715562037200514}
  m_RootOrder: 0
  m_LocalEulerAnglesHint: {x: 3.758122, y: 0.2468707, z: -12.59489}
--- !u!1 &1964422350350505
GameObject:
  m_CorrespondingSourceObject: {fileID: 0}
  m_PrefabInstance: {fileID: 100100000}
  m_PrefabAsset: {fileID: 0}
  serializedVersion: 5
  m_Component:
  - component: {fileID: 4302415841651143}
  m_Layer: 0
  m_Name: RightHandIndex2
  m_TagString: Untagged
  m_Icon: {fileID: 0}
  m_NavMeshLayer: 0
  m_StaticEditorFlags: 0
  m_IsActive: 1
--- !u!4 &4302415841651143
Transform:
  m_CorrespondingSourceObject: {fileID: 0}
  m_PrefabInstance: {fileID: 100100000}
  m_PrefabAsset: {fileID: 0}
  m_GameObject: {fileID: 1964422350350505}
  m_LocalRotation: {x: 0.06884801, y: -0.06095865, z: -0.01544263, w: 0.9956433}
  m_LocalPosition: {x: -1.024455E-10, y: 0.0005313425, z: -9.19681E-11}
  m_LocalScale: {x: 0.9999999, y: 0.9999999, z: 0.9999999}
  m_Children:
  - {fileID: 4373775567200465}
  m_Father: {fileID: 4735865954262478}
  m_RootOrder: 0
  m_LocalEulerAnglesHint: {x: 8.046564, y: 6.849382, z: 2.25952}
--- !u!1 &1875337883642206
GameObject:
  m_CorrespondingSourceObject: {fileID: 0}
  m_PrefabInstance: {fileID: 100100000}
  m_PrefabAsset: {fileID: 0}
  serializedVersion: 5
  m_Component:
  - component: {fileID: 4373775567200465}
  m_Layer: 0
  m_Name: RightHandIndex3
  m_TagString: Untagged
  m_Icon: {fileID: 0}
  m_NavMeshLayer: 0
  m_StaticEditorFlags: 0
  m_IsActive: 1
--- !u!4 &4373775567200465
Transform:
  m_CorrespondingSourceObject: {fileID: 0}
  m_PrefabInstance: {fileID: 100100000}
  m_PrefabAsset: {fileID: 0}
  m_GameObject: {fileID: 1875337883642206}
  m_LocalRotation: {x: 0.004823869, y: 0.05653369, z: -0.005756791, w: 0.9983725}
  m_LocalPosition: {x: 7.45058E-11, y: 0.0003363438, z: 5.238689E-10}
  m_LocalScale: {x: 1, y: 1, z: 1}
  m_Children:
  - {fileID: 4094757211703188}
  m_Father: {fileID: 4302415841651143}
  m_RootOrder: 0
  m_LocalEulerAnglesHint: {x: 0.5179014, y: -6.484757, z: 0.6314081}
--- !u!1 &1447345997204167
GameObject:
  m_CorrespondingSourceObject: {fileID: 0}
  m_PrefabInstance: {fileID: 100100000}
  m_PrefabAsset: {fileID: 0}
  serializedVersion: 5
  m_Component:
  - component: {fileID: 4094757211703188}
  m_Layer: 0
  m_Name: RightHandIndex3_end
  m_TagString: Untagged
  m_Icon: {fileID: 0}
  m_NavMeshLayer: 0
  m_StaticEditorFlags: 0
  m_IsActive: 1
--- !u!4 &4094757211703188
Transform:
  m_CorrespondingSourceObject: {fileID: 0}
  m_PrefabInstance: {fileID: 100100000}
  m_PrefabAsset: {fileID: 0}
  m_GameObject: {fileID: 1447345997204167}
  m_LocalRotation: {x: 0, y: 0, z: 0, w: 1}
  m_LocalPosition: {x: 0, y: 0.0003357995, z: 0}
  m_LocalScale: {x: 1, y: 1, z: 1}
  m_Children: []
  m_Father: {fileID: 4373775567200465}
  m_RootOrder: 0
  m_LocalEulerAnglesHint: {x: 0, y: 0, z: 0}
--- !u!1 &1531524350962638
GameObject:
  m_CorrespondingSourceObject: {fileID: 0}
  m_PrefabInstance: {fileID: 100100000}
  m_PrefabAsset: {fileID: 0}
  serializedVersion: 5
  m_Component:
  - component: {fileID: 4714305927021051}
  m_Layer: 0
  m_Name: RightHandMiddle1
  m_TagString: Untagged
  m_Icon: {fileID: 0}
  m_NavMeshLayer: 0
  m_StaticEditorFlags: 0
  m_IsActive: 1
--- !u!4 &4714305927021051
Transform:
  m_CorrespondingSourceObject: {fileID: 0}
  m_PrefabInstance: {fileID: 100100000}
  m_PrefabAsset: {fileID: 0}
  m_GameObject: {fileID: 1531524350962638}
  m_LocalRotation: {x: -0.02467049, y: 0.001062265, z: 0.06158492, w: 0.9977964}
  m_LocalPosition: {x: -0.0001167138, y: 0.001193551, z: -4.548967E-05}
  m_LocalScale: {x: 1, y: 0.9999999, z: 1}
  m_Children:
  - {fileID: 4375446153195318}
  m_Father: {fileID: 4715562037200514}
  m_RootOrder: 1
  m_LocalEulerAnglesHint: {x: -2.814473, y: -0.295562, z: -7.056476}
--- !u!1 &1721745324835590
GameObject:
  m_CorrespondingSourceObject: {fileID: 0}
  m_PrefabInstance: {fileID: 100100000}
  m_PrefabAsset: {fileID: 0}
  serializedVersion: 5
  m_Component:
  - component: {fileID: 4375446153195318}
  m_Layer: 0
  m_Name: RightHandMiddle2
  m_TagString: Untagged
  m_Icon: {fileID: 0}
  m_NavMeshLayer: 0
  m_StaticEditorFlags: 0
  m_IsActive: 1
--- !u!4 &4375446153195318
Transform:
  m_CorrespondingSourceObject: {fileID: 0}
  m_PrefabInstance: {fileID: 100100000}
  m_PrefabAsset: {fileID: 0}
  m_GameObject: {fileID: 1721745324835590}
  m_LocalRotation: {x: 0.1344711, y: -0.002788171, z: -0.0007806013, w: 0.9909133}
  m_LocalPosition: {x: 8.381903E-11, y: 0.000532111, z: 7.869675E-10}
  m_LocalScale: {x: 0.9999999, y: 0.9999999, z: 0.9999999}
  m_Children:
  - {fileID: 4021022319633234}
  m_Father: {fileID: 4714305927021051}
  m_RootOrder: 0
  m_LocalEulerAnglesHint: {x: 15.45649, y: 0.3045706, z: 0.1316031}
--- !u!1 &1016535271642677
GameObject:
  m_CorrespondingSourceObject: {fileID: 0}
  m_PrefabInstance: {fileID: 100100000}
  m_PrefabAsset: {fileID: 0}
  serializedVersion: 5
  m_Component:
  - component: {fileID: 4021022319633234}
  m_Layer: 0
  m_Name: RightHandMiddle3
  m_TagString: Untagged
  m_Icon: {fileID: 0}
  m_NavMeshLayer: 0
  m_StaticEditorFlags: 0
  m_IsActive: 1
--- !u!4 &4021022319633234
Transform:
  m_CorrespondingSourceObject: {fileID: 0}
  m_PrefabInstance: {fileID: 100100000}
  m_PrefabAsset: {fileID: 0}
  m_GameObject: {fileID: 1016535271642677}
  m_LocalRotation: {x: 0.01087047, y: -0.006479894, z: -0.005190673, w: 0.9999065}
  m_LocalPosition: {x: 3.72529E-11, y: 0.0003608383, z: -4.924368E-10}
  m_LocalScale: {x: 0.9999998, y: 1, z: 1}
  m_Children:
  - {fileID: 4647013845973656}
  m_Father: {fileID: 4375446153195318}
  m_RootOrder: 0
  m_LocalEulerAnglesHint: {x: 1.249603, y: 0.736026, z: 0.6028843}
--- !u!1 &1110491170040547
GameObject:
  m_CorrespondingSourceObject: {fileID: 0}
  m_PrefabInstance: {fileID: 100100000}
  m_PrefabAsset: {fileID: 0}
  serializedVersion: 5
  m_Component:
  - component: {fileID: 4647013845973656}
  m_Layer: 0
  m_Name: RightHandMiddle3_end
  m_TagString: Untagged
  m_Icon: {fileID: 0}
  m_NavMeshLayer: 0
  m_StaticEditorFlags: 0
  m_IsActive: 1
--- !u!4 &4647013845973656
Transform:
  m_CorrespondingSourceObject: {fileID: 0}
  m_PrefabInstance: {fileID: 100100000}
  m_PrefabAsset: {fileID: 0}
  m_GameObject: {fileID: 1110491170040547}
  m_LocalRotation: {x: 0, y: 0, z: 0, w: 1}
  m_LocalPosition: {x: 0, y: 0.0004356837, z: 0}
  m_LocalScale: {x: 1, y: 1, z: 1}
  m_Children: []
  m_Father: {fileID: 4021022319633234}
  m_RootOrder: 0
  m_LocalEulerAnglesHint: {x: 0, y: 0, z: 0}
--- !u!1 &1656700344897678
GameObject:
  m_CorrespondingSourceObject: {fileID: 0}
  m_PrefabInstance: {fileID: 100100000}
  m_PrefabAsset: {fileID: 0}
  serializedVersion: 5
  m_Component:
  - component: {fileID: 4411658048982499}
  m_Layer: 0
  m_Name: RightHandPinky1
  m_TagString: Untagged
  m_Icon: {fileID: 0}
  m_NavMeshLayer: 0
  m_StaticEditorFlags: 0
  m_IsActive: 1
--- !u!4 &4411658048982499
Transform:
  m_CorrespondingSourceObject: {fileID: 0}
  m_PrefabInstance: {fileID: 100100000}
  m_PrefabAsset: {fileID: 0}
  m_GameObject: {fileID: 1656700344897678}
  m_LocalRotation: {x: 0.04452914, y: -0.006246471, z: -0.06025364, w: 0.9971699}
  m_LocalPosition: {x: 0.0004848002, y: 0.001125915, z: -7.299134E-05}
  m_LocalScale: {x: 1, y: 0.9999999, z: 0.9999999}
  m_Children:
  - {fileID: 4836733707380866}
  m_Father: {fileID: 4715562037200514}
  m_RootOrder: 2
  m_LocalEulerAnglesHint: {x: 5.138366, y: 0.4063164, z: 6.933979}
--- !u!1 &1927692441691606
GameObject:
  m_CorrespondingSourceObject: {fileID: 0}
  m_PrefabInstance: {fileID: 100100000}
  m_PrefabAsset: {fileID: 0}
  serializedVersion: 5
  m_Component:
  - component: {fileID: 4836733707380866}
  m_Layer: 0
  m_Name: RightHandPinky2
  m_TagString: Untagged
  m_Icon: {fileID: 0}
  m_NavMeshLayer: 0
  m_StaticEditorFlags: 0
  m_IsActive: 1
--- !u!4 &4836733707380866
Transform:
  m_CorrespondingSourceObject: {fileID: 0}
  m_PrefabInstance: {fileID: 100100000}
  m_PrefabAsset: {fileID: 0}
  m_GameObject: {fileID: 1927692441691606}
  m_LocalRotation: {x: 0.06586828, y: -0.008357838, z: 0.05048659, w: 0.9965153}
  m_LocalPosition: {x: 7.45058E-11, y: 0.0003962569, z: -1.564622E-09}
  m_LocalScale: {x: 0.9999999, y: 1, z: 1}
  m_Children:
  - {fileID: 4514770310121554}
  m_Father: {fileID: 4411658048982499}
  m_RootOrder: 0
  m_LocalEulerAnglesHint: {x: 7.496696, y: 1.335591, z: -5.713104}
--- !u!1 &1658606069656882
GameObject:
  m_CorrespondingSourceObject: {fileID: 0}
  m_PrefabInstance: {fileID: 100100000}
  m_PrefabAsset: {fileID: 0}
  serializedVersion: 5
  m_Component:
  - component: {fileID: 4514770310121554}
  m_Layer: 0
  m_Name: RightHandPinky3
  m_TagString: Untagged
  m_Icon: {fileID: 0}
  m_NavMeshLayer: 0
  m_StaticEditorFlags: 0
  m_IsActive: 1
--- !u!4 &4514770310121554
Transform:
  m_CorrespondingSourceObject: {fileID: 0}
  m_PrefabInstance: {fileID: 100100000}
  m_PrefabAsset: {fileID: 0}
  m_GameObject: {fileID: 1658606069656882}
  m_LocalRotation: {x: 0.01700366, y: -0.001337216, z: -0.06026249, w: 0.9980369}
  m_LocalPosition: {x: -3.72529E-11, y: 0.0002445158, z: 5.215406E-10}
  m_LocalScale: {x: 1, y: 1, z: 1}
  m_Children:
  - {fileID: 4958246105994450}
  m_Father: {fileID: 4836733707380866}
  m_RootOrder: 0
  m_LocalEulerAnglesHint: {x: 1.954264, y: 0.03551283, z: 6.911371}
--- !u!1 &1296547577494285
GameObject:
  m_CorrespondingSourceObject: {fileID: 0}
  m_PrefabInstance: {fileID: 100100000}
  m_PrefabAsset: {fileID: 0}
  serializedVersion: 5
  m_Component:
  - component: {fileID: 4958246105994450}
  m_Layer: 0
  m_Name: RightHandPinky3_end
  m_TagString: Untagged
  m_Icon: {fileID: 0}
  m_NavMeshLayer: 0
  m_StaticEditorFlags: 0
  m_IsActive: 1
--- !u!4 &4958246105994450
Transform:
  m_CorrespondingSourceObject: {fileID: 0}
  m_PrefabInstance: {fileID: 100100000}
  m_PrefabAsset: {fileID: 0}
  m_GameObject: {fileID: 1296547577494285}
  m_LocalRotation: {x: 0, y: 0, z: 0, w: 1}
  m_LocalPosition: {x: 0, y: 0.0003066576, z: 0}
  m_LocalScale: {x: 1, y: 1, z: 1}
  m_Children: []
  m_Father: {fileID: 4514770310121554}
  m_RootOrder: 0
  m_LocalEulerAnglesHint: {x: 0, y: 0, z: 0}
--- !u!1 &1440632449842931
GameObject:
  m_CorrespondingSourceObject: {fileID: 0}
  m_PrefabInstance: {fileID: 100100000}
  m_PrefabAsset: {fileID: 0}
  serializedVersion: 5
  m_Component:
  - component: {fileID: 4421603050994669}
  m_Layer: 0
  m_Name: RightHandRing1
  m_TagString: Untagged
  m_Icon: {fileID: 0}
  m_NavMeshLayer: 0
  m_StaticEditorFlags: 0
  m_IsActive: 1
--- !u!4 &4421603050994669
Transform:
  m_CorrespondingSourceObject: {fileID: 0}
  m_PrefabInstance: {fileID: 100100000}
  m_PrefabAsset: {fileID: 0}
  m_GameObject: {fileID: 1440632449842931}
  m_LocalRotation: {x: -0.02009918, y: -0.0002687908, z: 0.01645699, w: 0.9996625}
  m_LocalPosition: {x: 0.0001754799, y: 0.0012459, z: -3.30409E-05}
  m_LocalScale: {x: 1, y: 1, z: 0.9999999}
  m_Children:
  - {fileID: 4495060399371256}
  m_Father: {fileID: 4715562037200514}
  m_RootOrder: 3
  m_LocalEulerAnglesHint: {x: -2.303547, y: -0.007112929, z: -1.886156}
--- !u!1 &1474618158987827
GameObject:
  m_CorrespondingSourceObject: {fileID: 0}
  m_PrefabInstance: {fileID: 100100000}
  m_PrefabAsset: {fileID: 0}
  serializedVersion: 5
  m_Component:
  - component: {fileID: 4495060399371256}
  m_Layer: 0
  m_Name: RightHandRing2
  m_TagString: Untagged
  m_Icon: {fileID: 0}
  m_NavMeshLayer: 0
  m_StaticEditorFlags: 0
  m_IsActive: 1
--- !u!4 &4495060399371256
Transform:
  m_CorrespondingSourceObject: {fileID: 0}
  m_PrefabInstance: {fileID: 100100000}
  m_PrefabAsset: {fileID: 0}
  m_GameObject: {fileID: 1474618158987827}
  m_LocalRotation: {x: 0.126343, y: 0.006201716, z: -0.008348563, w: 0.9919321}
  m_LocalPosition: {x: -2.328306E-11, y: 0.0004996673, z: -3.818423E-10}
  m_LocalScale: {x: 0.9999999, y: 1, z: 0.9999999}
  m_Children:
  - {fileID: 4459149005442369}
  m_Father: {fileID: 4421603050994669}
  m_RootOrder: 0
  m_LocalEulerAnglesHint: {x: 14.51124, y: -0.8258285, z: 0.8592905}
--- !u!1 &1079884916746364
GameObject:
  m_CorrespondingSourceObject: {fileID: 0}
  m_PrefabInstance: {fileID: 100100000}
  m_PrefabAsset: {fileID: 0}
  serializedVersion: 5
  m_Component:
  - component: {fileID: 4459149005442369}
  m_Layer: 0
  m_Name: RightHandRing3
  m_TagString: Untagged
  m_Icon: {fileID: 0}
  m_NavMeshLayer: 0
  m_StaticEditorFlags: 0
  m_IsActive: 1
--- !u!4 &4459149005442369
Transform:
  m_CorrespondingSourceObject: {fileID: 0}
  m_PrefabInstance: {fileID: 100100000}
  m_PrefabAsset: {fileID: 0}
  m_GameObject: {fileID: 1079884916746364}
  m_LocalRotation: {x: 0.07025932, y: -0.003492803, z: 0.006474868, w: 0.9975016}
  m_LocalPosition: {x: 1.862645E-11, y: 0.0003218378, z: -1.210719E-10}
  m_LocalScale: {x: 1, y: 0.9999999, z: 1}
  m_Children:
  - {fileID: 4770900638683102}
  m_Father: {fileID: 4495060399371256}
  m_RootOrder: 0
  m_LocalEulerAnglesHint: {x: 8.055177, y: 0.4513804, z: -0.712031}
--- !u!1 &1882355051414822
GameObject:
  m_CorrespondingSourceObject: {fileID: 0}
  m_PrefabInstance: {fileID: 100100000}
  m_PrefabAsset: {fileID: 0}
  serializedVersion: 5
  m_Component:
  - component: {fileID: 4770900638683102}
  m_Layer: 0
  m_Name: RightHandRing3_end
  m_TagString: Untagged
  m_Icon: {fileID: 0}
  m_NavMeshLayer: 0
  m_StaticEditorFlags: 0
  m_IsActive: 1
--- !u!4 &4770900638683102
Transform:
  m_CorrespondingSourceObject: {fileID: 0}
  m_PrefabInstance: {fileID: 100100000}
  m_PrefabAsset: {fileID: 0}
  m_GameObject: {fileID: 1882355051414822}
  m_LocalRotation: {x: 0, y: 0, z: 0, w: 1}
  m_LocalPosition: {x: 0, y: 0.0003628631, z: 0}
  m_LocalScale: {x: 1, y: 1, z: 1}
  m_Children: []
  m_Father: {fileID: 4459149005442369}
  m_RootOrder: 0
  m_LocalEulerAnglesHint: {x: 0, y: 0, z: 0}
--- !u!1 &1140697152387694
GameObject:
  m_CorrespondingSourceObject: {fileID: 0}
  m_PrefabInstance: {fileID: 100100000}
  m_PrefabAsset: {fileID: 0}
  serializedVersion: 5
  m_Component:
  - component: {fileID: 4752495509155027}
  m_Layer: 0
  m_Name: RightHandThumb1
  m_TagString: Untagged
  m_Icon: {fileID: 0}
  m_NavMeshLayer: 0
  m_StaticEditorFlags: 0
  m_IsActive: 1
--- !u!4 &4752495509155027
Transform:
  m_CorrespondingSourceObject: {fileID: 0}
  m_PrefabInstance: {fileID: 100100000}
  m_PrefabAsset: {fileID: 0}
  m_GameObject: {fileID: 1140697152387694}
  m_LocalRotation: {x: 0.07079154, y: 0.01780453, z: 0.3140002, w: 0.9466126}
  m_LocalPosition: {x: -0.0004962922, y: 0.000414949, z: 0.0001519261}
  m_LocalScale: {x: 1, y: 0.9999999, z: 1}
  m_Children:
  - {fileID: 4763521309378136}
  m_Father: {fileID: 4715562037200514}
  m_RootOrder: 4
  m_LocalEulerAnglesHint: {x: 8.349669, y: 0.6158913, z: -36.65737}
--- !u!1 &1918975132841088
GameObject:
  m_CorrespondingSourceObject: {fileID: 0}
  m_PrefabInstance: {fileID: 100100000}
  m_PrefabAsset: {fileID: 0}
  serializedVersion: 5
  m_Component:
  - component: {fileID: 4763521309378136}
  m_Layer: 0
  m_Name: RightHandThumb2
  m_TagString: Untagged
  m_Icon: {fileID: 0}
  m_NavMeshLayer: 0
  m_StaticEditorFlags: 0
  m_IsActive: 1
--- !u!4 &4763521309378136
Transform:
  m_CorrespondingSourceObject: {fileID: 0}
  m_PrefabInstance: {fileID: 100100000}
  m_PrefabAsset: {fileID: 0}
  m_GameObject: {fileID: 1918975132841088}
  m_LocalRotation: {x: -0.05537035, y: -0.1904618, z: -0.1333903, w: 0.9710127}
  m_LocalPosition: {x: 1.676381E-10, y: 0.0005678575, z: -6.036134E-10}
  m_LocalScale: {x: 0.9999999, y: 1, z: 0.9999999}
  m_Children:
  - {fileID: 4798071786021665}
  m_Father: {fileID: 4752495509155027}
  m_RootOrder: 0
  m_LocalEulerAnglesHint: {x: -3.522859, y: 22.62222, z: 14.93893}
--- !u!1 &1385519370567819
GameObject:
  m_CorrespondingSourceObject: {fileID: 0}
  m_PrefabInstance: {fileID: 100100000}
  m_PrefabAsset: {fileID: 0}
  serializedVersion: 5
  m_Component:
  - component: {fileID: 4798071786021665}
  m_Layer: 0
  m_Name: RightHandThumb3
  m_TagString: Untagged
  m_Icon: {fileID: 0}
  m_NavMeshLayer: 0
  m_StaticEditorFlags: 0
  m_IsActive: 1
--- !u!4 &4798071786021665
Transform:
  m_CorrespondingSourceObject: {fileID: 0}
  m_PrefabInstance: {fileID: 100100000}
  m_PrefabAsset: {fileID: 0}
  m_GameObject: {fileID: 1385519370567819}
  m_LocalRotation: {x: 0.05808681, y: 0.2374264, z: -0.09560585, w: 0.9649426}
  m_LocalPosition: {x: -2.235174E-10, y: 0.0004628992, z: 2.700835E-10}
  m_LocalScale: {x: 1, y: 1, z: 1}
  m_Children:
  - {fileID: 4426564351834378}
  m_Father: {fileID: 4763521309378136}
  m_RootOrder: 0
  m_LocalEulerAnglesHint: {x: 4.332114, y: -27.98968, z: 10.23653}
--- !u!1 &1563491328836962
GameObject:
  m_CorrespondingSourceObject: {fileID: 0}
  m_PrefabInstance: {fileID: 100100000}
  m_PrefabAsset: {fileID: 0}
  serializedVersion: 5
  m_Component:
  - component: {fileID: 4426564351834378}
  m_Layer: 0
  m_Name: RightHandThumb3_end
  m_TagString: Untagged
  m_Icon: {fileID: 0}
  m_NavMeshLayer: 0
  m_StaticEditorFlags: 0
  m_IsActive: 1
--- !u!4 &4426564351834378
Transform:
  m_CorrespondingSourceObject: {fileID: 0}
  m_PrefabInstance: {fileID: 100100000}
  m_PrefabAsset: {fileID: 0}
  m_GameObject: {fileID: 1563491328836962}
  m_LocalRotation: {x: 0, y: 0, z: 0, w: 1}
  m_LocalPosition: {x: 0, y: 0.0003818432, z: 0}
  m_LocalScale: {x: 1, y: 1, z: 1}
  m_Children: []
  m_Father: {fileID: 4798071786021665}
  m_RootOrder: 0
  m_LocalEulerAnglesHint: {x: 0, y: 0, z: 0}
--- !u!1 &1868262935385406
GameObject:
  m_CorrespondingSourceObject: {fileID: 0}
  m_PrefabInstance: {fileID: 100100000}
  m_PrefabAsset: {fileID: 0}
  serializedVersion: 5
  m_Component:
  - component: {fileID: 4866516082838546}
  - component: {fileID: 137631784741874993}
  m_Layer: 0
  m_Name: hair4
  m_TagString: Untagged
  m_Icon: {fileID: 0}
  m_NavMeshLayer: 0
  m_StaticEditorFlags: 0
  m_IsActive: 1
--- !u!4 &4866516082838546
Transform:
  m_CorrespondingSourceObject: {fileID: 0}
  m_PrefabInstance: {fileID: 100100000}
  m_PrefabAsset: {fileID: 0}
  m_GameObject: {fileID: 1868262935385406}
  m_LocalRotation: {x: 0, y: 0, z: 0, w: 1}
  m_LocalPosition: {x: 0, y: 0, z: 0}
  m_LocalScale: {x: 1, y: 1, z: 1}
  m_Children: []
  m_Father: {fileID: 4197609196633036}
  m_RootOrder: 1
  m_LocalEulerAnglesHint: {x: 0, y: 0, z: 0}
--- !u!137 &137631784741874993
SkinnedMeshRenderer:
  m_CorrespondingSourceObject: {fileID: 0}
  m_PrefabInstance: {fileID: 100100000}
  m_PrefabAsset: {fileID: 0}
  m_GameObject: {fileID: 1868262935385406}
  m_Enabled: 1
  m_CastShadows: 1
  m_ReceiveShadows: 1
  m_DynamicOccludee: 1
  m_MotionVectors: 1
  m_LightProbeUsage: 1
  m_ReflectionProbeUsage: 1
  m_RayTracingMode: 0
  m_RenderingLayerMask: 1
  m_RendererPriority: 0
  m_Materials:
  - {fileID: 2100000, guid: b6cd93b7f590ca24ca54af64828065ed, type: 2}
  m_StaticBatchInfo:
    firstSubMesh: 0
    subMeshCount: 0
  m_StaticBatchRoot: {fileID: 0}
  m_ProbeAnchor: {fileID: 0}
  m_LightProbeVolumeOverride: {fileID: 0}
  m_ScaleInLightmap: 1
  m_ReceiveGI: 1
  m_PreserveUVs: 0
  m_IgnoreNormalsForChartDetection: 0
  m_ImportantGI: 0
  m_StitchLightmapSeams: 0
  m_SelectedEditorRenderState: 3
  m_MinimumChartSize: 4
  m_AutoUVMaxDistance: 0.5
  m_AutoUVMaxAngle: 89
  m_LightmapParameters: {fileID: 0}
  m_SortingLayerID: 0
  m_SortingLayer: 0
  m_SortingOrder: 0
  serializedVersion: 2
  m_Quality: 0
  m_UpdateWhenOffscreen: 1
  m_skinnedMotionVectors: 1
  m_Mesh: {fileID: 4300000, guid: 5692b4c0822f9874fa41be91548c3a60, type: 2}
  m_Bones:
  - {fileID: 4461611131650279}
  - {fileID: 4908576603226155}
  - {fileID: 4851712947918316}
  - {fileID: 4956791055147140}
  - {fileID: 4740574836116936}
  - {fileID: 4648502423015366}
  - {fileID: 4183331034458998}
  - {fileID: 4277624455448784}
  - {fileID: 4486844190902260}
  - {fileID: 4704272942273952}
  - {fileID: 4766969079517961}
  - {fileID: 4237142639034270}
  - {fileID: 4841402272661395}
  - {fileID: 4478919399312704}
  - {fileID: 4117312396734702}
  - {fileID: 4655971298022914}
  - {fileID: 4894976609634466}
  - {fileID: 4919079848725443}
  - {fileID: 4460116253545525}
  - {fileID: 4134209393099133}
  - {fileID: 4830839570184540}
  - {fileID: 4341402120498162}
  - {fileID: 4812156520877664}
  - {fileID: 4768178858630167}
  - {fileID: 4498913017032363}
  - {fileID: 4325458418772284}
  - {fileID: 4275894762729748}
  - {fileID: 4413589619783330}
  - {fileID: 4819760956953204}
  - {fileID: 4715562037200514}
  - {fileID: 4752495509155027}
  - {fileID: 4763521309378136}
  - {fileID: 4798071786021665}
  - {fileID: 4735865954262478}
  - {fileID: 4302415841651143}
  - {fileID: 4373775567200465}
  - {fileID: 4714305927021051}
  - {fileID: 4375446153195318}
  - {fileID: 4021022319633234}
  - {fileID: 4421603050994669}
  - {fileID: 4495060399371256}
  - {fileID: 4459149005442369}
  - {fileID: 4411658048982499}
  - {fileID: 4836733707380866}
  - {fileID: 4514770310121554}
  - {fileID: 4733756043956259}
  - {fileID: 4354267772790688}
  - {fileID: 4453614840417311}
  - {fileID: 4590412377996433}
  - {fileID: 4756836094522384}
  - {fileID: 4191998411403547}
  - {fileID: 4371908131138401}
  - {fileID: 4893799919696928}
  m_BlendShapeWeights: []
  m_RootBone: {fileID: 4461611131650279}
  m_AABB:
    m_Center: {x: -2.235174E-08, y: 0.7228549, z: -0.04022697}
    m_Extent: {x: 0.09876917, y: 0.3448006, z: 0.1847534}
  m_DirtyAABB: 0
