%YAML 1.1
%TAG !u! tag:unity3d.com,2011:
--- !u!1001 &100100000
PrefabInstance:
  serializedVersion: 2
  m_RootGameObject: {fileID: 1753739646704792}
  m_Modification:
    m_TransformParent: {fileID: 0}
    m_Modifications: []
    m_RemovedComponents: []
  m_SourcePrefab: {fileID: 0}
--- !u!1 &1753739646704792
GameObject:
  m_CorrespondingSourceObject: {fileID: 0}
  m_PrefabInstance: {fileID: 100100000}
  m_PrefabAsset: {fileID: 0}
  serializedVersion: 5
  m_Component:
  - component: {fileID: 4864218147585770}
  - component: {fileID: 136283904491015433}
  - component: {fileID: 114403533831769130}
  - component: {fileID: 114846628586272323}
  m_Layer: 0
  m_Name: Haldor
  m_TagString: Untagged
  m_Icon: {fileID: 0}
  m_NavMeshLayer: 0
  m_StaticEditorFlags: 0
  m_IsActive: 1
--- !u!4 &4864218147585770
Transform:
  m_CorrespondingSourceObject: {fileID: 0}
  m_PrefabInstance: {fileID: 100100000}
  m_PrefabAsset: {fileID: 0}
  m_GameObject: {fileID: 1753739646704792}
  m_LocalRotation: {x: 0, y: 0, z: 0, w: 1}
  m_LocalPosition: {x: 0, y: 50, z: 0}
  m_LocalScale: {x: 1, y: 1, z: 1}
  m_Children:
  - {fileID: 4543178719844558}
  m_Father: {fileID: 0}
  m_RootOrder: 0
  m_LocalEulerAnglesHint: {x: 0, y: 0, z: 0}
--- !u!136 &136283904491015433
CapsuleCollider:
  m_CorrespondingSourceObject: {fileID: 0}
  m_PrefabInstance: {fileID: 100100000}
  m_PrefabAsset: {fileID: 0}
  m_GameObject: {fileID: 1753739646704792}
  m_Material: {fileID: 0}
  m_IsTrigger: 0
  m_Enabled: 1
  m_Radius: 0.5
  m_Height: 1.630016
  m_Direction: 1
  m_Center: {x: 0, y: 0.8150082, z: 0}
--- !u!114 &114403533831769130
MonoBehaviour:
  m_CorrespondingSourceObject: {fileID: 0}
  m_PrefabInstance: {fileID: 100100000}
  m_PrefabAsset: {fileID: 0}
  m_GameObject: {fileID: 1753739646704792}
  m_Enabled: 1
  m_EditorHideFlags: 0
  m_Script: {fileID: 11500000, guid: d66fc3279e9b9cf48857dd1741c4d932, type: 3}
  m_Name:
  m_EditorClassIdentifier:
  m_name: $npc_haldor
  m_standRange: 16
  m_greetRange: 10
  m_byeRange: 15
  m_items:
  - m_prefab: {fileID: 114254147322236275, guid: dc987b7416348ca4492c15fafa250bb2, type: 2}
    m_stack: 1
    m_price: 100
  - m_prefab: {fileID: 114689151293813011, guid: 382462b3283197342bb2d6e47f4bd734, type: 2}
    m_stack: 1
    m_price: 620
  - m_prefab: {fileID: 114129508635419555, guid: a217bfd33736b18408d849f3058cd227, type: 2}
    m_stack: 1
    m_price: 950
  - m_prefab: {fileID: 114707889027457385, guid: 43521e832580b49439c6a15b85a1c8c7, type: 2}
    m_stack: 1
    m_price: 120
  - m_prefab: {fileID: 114277758773280169, guid: a639f0996b98d9a47b0ca839569baa6e, type: 2}
    m_stack: 1
    m_price: 350
  - m_prefab: {fileID: 114716114267094205, guid: e6eaa0c16d1f35f4ba38396851b45742, type: 2}
    m_stack: 50
    m_price: 10
  - m_prefab: {fileID: 114160155764322200, guid: 7b3be752f68671249aaab4cb5e9f5fbd, type: 2}
    m_stack: 1
    m_price: 50
  m_hideDialogDelay: 5
  m_randomTalkInterval: 30
  m_randomTalk:
  - Im short for a dwarf
  - Radjdadaj
  m_randomGreets:
  - Hi there
  - Well hello there
  m_randomGoodbye:
  - Come again!
  - Bye
  m_randomStartTrade:
  - Take a look at my wares
  - Check this stuff out
  m_randomBuy:
  - Good choice
  - That fits you
  - Its yours
  m_randomSell:
  - Good deal
  - Here you go
  - Thats worth some gold
  m_randomTalkFX:
    m_effectPrefabs: []
  m_randomGreetFX:
    m_effectPrefabs:
    - m_prefab: {fileID: 1098093331167354, guid: f54777f46daf0da4abc3d504c314fb9a, type: 2}
      m_enabled: 1
      m_variant: -1
      m_attach: 0
      m_inheritParentRotation: 0
      m_inheritParentScale: 0
      m_randomRotation: 0
      m_scale: 0
      m_childTransform:
  m_randomGoodbyeFX:
    m_effectPrefabs: []
  m_randomStartTradeFX:
    m_effectPrefabs:
    - m_prefab: {fileID: 1109016807564212, guid: c7d70a498f5d96048b060b58f9f9ecfd, type: 2}
      m_enabled: 1
      m_variant: -1
      m_attach: 0
      m_inheritParentRotation: 0
      m_inheritParentScale: 0
      m_randomRotation: 0
      m_scale: 0
      m_childTransform:
  m_randomBuyFX:
    m_effectPrefabs:
    - m_prefab: {fileID: 1869197546007921, guid: 69581d81cfbe2ee48b986af0a661fa81, type: 2}
      m_enabled: 1
      m_variant: -1
      m_attach: 0
      m_inheritParentRotation: 0
      m_inheritParentScale: 0
      m_randomRotation: 0
      m_scale: 0
      m_childTransform:
  m_randomSellFX:
    m_effectPrefabs:
    - m_prefab: {fileID: 1869197546007921, guid: 69581d81cfbe2ee48b986af0a661fa81, type: 2}
      m_enabled: 1
      m_variant: -1
      m_attach: 0
      m_inheritParentRotation: 0
      m_inheritParentScale: 0
      m_randomRotation: 0
      m_scale: 0
      m_childTransform:
--- !u!114 &114846628586272323
MonoBehaviour:
  m_CorrespondingSourceObject: {fileID: 0}
  m_PrefabInstance: {fileID: 100100000}
  m_PrefabAsset: {fileID: 0}
  m_GameObject: {fileID: 1753739646704792}
  m_Enabled: 1
  m_EditorHideFlags: 0
  m_Script: {fileID: 11500000, guid: 8d13d63090ca3f942b327ae131eec5a0, type: 3}
  m_Name:
  m_EditorClassIdentifier:
  m_persistent: 1
  m_distant: 0
  m_type: 0
  m_syncInitialScale: 0
--- !u!1 &1283862785345009
GameObject:
  m_CorrespondingSourceObject: {fileID: 0}
  m_PrefabInstance: {fileID: 100100000}
  m_PrefabAsset: {fileID: 0}
  serializedVersion: 5
  m_Component:
  - component: {fileID: 4543178719844558}
  - component: {fileID: 95458000743856785}
  - component: {fileID: 114009095340890228}
  - component: {fileID: 205942695295122376}
  m_Layer: 0
  m_Name: HaldorTheTrader
  m_TagString: Untagged
  m_Icon: {fileID: 0}
  m_NavMeshLayer: 0
  m_StaticEditorFlags: 0
  m_IsActive: 1
--- !u!4 &4543178719844558
Transform:
  m_CorrespondingSourceObject: {fileID: 0}
  m_PrefabInstance: {fileID: 100100000}
  m_PrefabAsset: {fileID: 0}
  m_GameObject: {fileID: 1283862785345009}
  m_LocalRotation: {x: 0, y: 0, z: 0, w: 1}
  m_LocalPosition: {x: 0, y: 0, z: 0}
  m_LocalScale: {x: 1, y: 1, z: 1}
  m_Children:
  - {fileID: 4710657448899501}
  - {fileID: 4407237645942747}
  - {fileID: 4932270770011846}
  m_Father: {fileID: 4864218147585770}
  m_RootOrder: 0
  m_LocalEulerAnglesHint: {x: 0, y: 0, z: 0}
--- !u!95 &95458000743856785
Animator:
  serializedVersion: 3
  m_CorrespondingSourceObject: {fileID: 0}
  m_PrefabInstance: {fileID: 100100000}
  m_PrefabAsset: {fileID: 0}
  m_GameObject: {fileID: 1283862785345009}
  m_Enabled: 1
  m_Avatar: {fileID: 9000000, guid: 48626c37036542a43b18e15d4360003e, type: 2}
  m_Controller: {fileID: 9100000, guid: b0ec740d44fc8854ab87e0e1a91d4eba, type: 2}
  m_CullingMode: 1
  m_UpdateMode: 0
  m_ApplyRootMotion: 1
  m_LinearVelocityBlending: 0
  m_WarningMessage:
  m_HasTransformHierarchy: 1
  m_AllowConstantClipSamplingOptimization: 1
  m_KeepAnimatorControllerStateOnDisable: 0
--- !u!114 &114009095340890228
MonoBehaviour:
  m_CorrespondingSourceObject: {fileID: 0}
  m_PrefabInstance: {fileID: 100100000}
  m_PrefabAsset: {fileID: 0}
  m_GameObject: {fileID: 1283862785345009}
  m_Enabled: 1
  m_EditorHideFlags: 0
  m_Script: {fileID: 11500000, guid: 96157048f90c50d4a88d85783c729d14, type: 3}
  m_Name:
  m_EditorClassIdentifier:
--- !u!205 &205942695295122376
LODGroup:
  m_CorrespondingSourceObject: {fileID: 0}
  m_PrefabInstance: {fileID: 100100000}
  m_PrefabAsset: {fileID: 0}
  m_GameObject: {fileID: 1283862785345009}
  serializedVersion: 2
  m_LocalReferencePoint: {x: 0.01334083, y: 0.7334628, z: 0.05890203}
  m_Size: 2.076639
  m_FadeMode: 1
  m_AnimateCrossFading: 1
  m_LastLODIsBillboard: 0
  m_LODs:
  - screenRelativeHeight: 0.08304332
    fadeTransitionWidth: 0
    renderers:
    - renderer: {fileID: 137685846622085569}
    - renderer: {fileID: 137567255724569800}
  m_Enabled: 1
--- !u!1 &1972079285673385
GameObject:
  m_CorrespondingSourceObject: {fileID: 0}
  m_PrefabInstance: {fileID: 100100000}
  m_PrefabAsset: {fileID: 0}
  serializedVersion: 5
  m_Component:
  - component: {fileID: 4710657448899501}
  m_Layer: 0
  m_Name: Armature
  m_TagString: Untagged
  m_Icon: {fileID: 0}
  m_NavMeshLayer: 0
  m_StaticEditorFlags: 0
  m_IsActive: 1
--- !u!4 &4710657448899501
Transform:
  m_CorrespondingSourceObject: {fileID: 0}
  m_PrefabInstance: {fileID: 100100000}
  m_PrefabAsset: {fileID: 0}
  m_GameObject: {fileID: 1972079285673385}
  m_LocalRotation: {x: -0.7071067, y: -3.090862E-08, z: 3.090862E-08, w: 0.7071068}
  m_LocalPosition: {x: -0.000175924, y: 0, z: 0.005796078}
  m_LocalScale: {x: 100, y: 100, z: 100}
  m_Children:
  - {fileID: 4377053431200452}
  m_Father: {fileID: 4543178719844558}
  m_RootOrder: 0
  m_LocalEulerAnglesHint: {x: -89.99998, y: -1.535184E-13, z: -5.008956E-06}
--- !u!1 &1196676403989045
GameObject:
  m_CorrespondingSourceObject: {fileID: 0}
  m_PrefabInstance: {fileID: 100100000}
  m_PrefabAsset: {fileID: 0}
  serializedVersion: 5
  m_Component:
  - component: {fileID: 4377053431200452}
  m_Layer: 0
  m_Name: Root
  m_TagString: Untagged
  m_Icon: {fileID: 0}
  m_NavMeshLayer: 0
  m_StaticEditorFlags: 0
  m_IsActive: 1
--- !u!4 &4377053431200452
Transform:
  m_CorrespondingSourceObject: {fileID: 0}
  m_PrefabInstance: {fileID: 100100000}
  m_PrefabAsset: {fileID: 0}
  m_GameObject: {fileID: 1196676403989045}
  m_LocalRotation: {x: 0.727135, y: 1.697587E-23, z: 1.395701E-16, w: 0.6864945}
  m_LocalPosition: {x: 0, y: 0, z: 0}
  m_LocalScale: {x: 1, y: 1, z: 1}
  m_Children:
  - {fileID: 4869882444422063}
  m_Father: {fileID: 4710657448899501}
  m_RootOrder: 0
  m_LocalEulerAnglesHint: {x: 93.2935, y: 1.162947E-14, z: -1.097949E-14}
--- !u!1 &1948348039223353
GameObject:
  m_CorrespondingSourceObject: {fileID: 0}
  m_PrefabInstance: {fileID: 100100000}
  m_PrefabAsset: {fileID: 0}
  serializedVersion: 5
  m_Component:
  - component: {fileID: 4869882444422063}
  m_Layer: 0
  m_Name: Hip
  m_TagString: Untagged
  m_Icon: {fileID: 0}
  m_NavMeshLayer: 0
  m_StaticEditorFlags: 0
  m_IsActive: 1
--- !u!4 &4869882444422063
Transform:
  m_CorrespondingSourceObject: {fileID: 0}
  m_PrefabInstance: {fileID: 100100000}
  m_PrefabAsset: {fileID: 0}
  m_GameObject: {fileID: 1948348039223353}
  m_LocalRotation: {x: -0.04514556, y: -2.093343E-16, z: -2.062998E-16, w: 0.9989805}
  m_LocalPosition: {x: -5.790264E-26, y: 0.005372401, z: 0}
  m_LocalScale: {x: 1, y: 1, z: 1}
  m_Children:
  - {fileID: 4140773360806437}
  - {fileID: 4487463235379487}
  - {fileID: 4465827876862367}
  m_Father: {fileID: 4377053431200452}
  m_RootOrder: 0
  m_LocalEulerAnglesHint: {x: -5.175059, y: 2.503074E-14, z: 2.253317E-14}
--- !u!1 &1680070835554302
GameObject:
  m_CorrespondingSourceObject: {fileID: 0}
  m_PrefabInstance: {fileID: 100100000}
  m_PrefabAsset: {fileID: 0}
  serializedVersion: 5
  m_Component:
  - component: {fileID: 4140773360806437}
  m_Layer: 0
  m_Name: Spine0
  m_TagString: Untagged
  m_Icon: {fileID: 0}
  m_NavMeshLayer: 0
  m_StaticEditorFlags: 0
  m_IsActive: 1
--- !u!4 &4140773360806437
Transform:
  m_CorrespondingSourceObject: {fileID: 0}
  m_PrefabInstance: {fileID: 100100000}
  m_PrefabAsset: {fileID: 0}
  m_GameObject: {fileID: 1680070835554302}
  m_LocalRotation: {x: 0.06459591, y: 1.911676E-21, z: -1.437332E-17, w: 0.9979115}
  m_LocalPosition: {x: 1.240771E-26, y: 0.001906942, z: 0}
  m_LocalScale: {x: 1, y: 0.9999999, z: 0.9999999}
  m_Children:
  - {fileID: 4649634758657607}
  m_Father: {fileID: 4869882444422063}
  m_RootOrder: 0
  m_LocalEulerAnglesHint: {x: 7.407303, y: -1.06612E-16, z: 1.643607E-15}
--- !u!1 &1961168033179165
GameObject:
  m_CorrespondingSourceObject: {fileID: 0}
  m_PrefabInstance: {fileID: 100100000}
  m_PrefabAsset: {fileID: 0}
  serializedVersion: 5
  m_Component:
  - component: {fileID: 4649634758657607}
  m_Layer: 0
  m_Name: Spine1
  m_TagString: Untagged
  m_Icon: {fileID: 0}
  m_NavMeshLayer: 0
  m_StaticEditorFlags: 0
  m_IsActive: 1
--- !u!4 &4649634758657607
Transform:
  m_CorrespondingSourceObject: {fileID: 0}
  m_PrefabInstance: {fileID: 100100000}
  m_PrefabAsset: {fileID: 0}
  m_GameObject: {fileID: 1961168033179165}
  m_LocalRotation: {x: -0.03416982, y: 8.430747E-22, z: 7.609421E-18, w: 0.9994161}
  m_LocalPosition: {x: 2.481542E-26, y: 0.0008663483, z: 0}
  m_LocalScale: {x: 1, y: 1, z: 1}
  m_Children:
  - {fileID: 4677965727469127}
  m_Father: {fileID: 4140773360806437}
  m_RootOrder: 0
  m_LocalEulerAnglesHint: {x: -3.916336, y: -2.98918E-17, z: -8.714629E-16}
--- !u!1 &1208969476644784
GameObject:
  m_CorrespondingSourceObject: {fileID: 0}
  m_PrefabInstance: {fileID: 100100000}
  m_PrefabAsset: {fileID: 0}
  serializedVersion: 5
  m_Component:
  - component: {fileID: 4677965727469127}
  m_Layer: 0
  m_Name: Spine2
  m_TagString: Untagged
  m_Icon: {fileID: 0}
  m_NavMeshLayer: 0
  m_StaticEditorFlags: 0
  m_IsActive: 1
--- !u!4 &4677965727469127
Transform:
  m_CorrespondingSourceObject: {fileID: 0}
  m_PrefabInstance: {fileID: 100100000}
  m_PrefabAsset: {fileID: 0}
  m_GameObject: {fileID: 1208969476644784}
  m_LocalRotation: {x: -0.06982556, y: -2.899069E-23, z: 1.550437E-17, w: 0.9975592}
  m_LocalPosition: {x: 1.075335E-25, y: 0.001561165, z: 3.72529E-11}
  m_LocalScale: {x: 1, y: 0.9999999, z: 1}
  m_Children:
  - {fileID: 4408793313007380}
  - {fileID: 4209250725588324}
  - {fileID: 4854067986957444}
  m_Father: {fileID: 4649634758657607}
  m_RootOrder: 0
  m_LocalEulerAnglesHint: {x: -8.007936, y: -1.240537E-16, z: -1.772334E-15}
--- !u!1 &1010873482075229
GameObject:
  m_CorrespondingSourceObject: {fileID: 0}
  m_PrefabInstance: {fileID: 100100000}
  m_PrefabAsset: {fileID: 0}
  serializedVersion: 5
  m_Component:
  - component: {fileID: 4408793313007380}
  m_Layer: 0
  m_Name: Head
  m_TagString: Untagged
  m_Icon: {fileID: 0}
  m_NavMeshLayer: 0
  m_StaticEditorFlags: 0
  m_IsActive: 1
--- !u!4 &4408793313007380
Transform:
  m_CorrespondingSourceObject: {fileID: 0}
  m_PrefabInstance: {fileID: 100100000}
  m_PrefabAsset: {fileID: 0}
  m_GameObject: {fileID: 1010873482075229}
  m_LocalRotation: {x: -0.05678888, y: -0.009029985, z: 0.09130458, w: 0.9941614}
  m_LocalPosition: {x: 1.819797E-25, y: 0.002565586, z: -6.519258E-11}
  m_LocalScale: {x: 1, y: 1, z: 0.9999999}
  m_Children:
  - {fileID: 4988405705730273}
  - {fileID: 4672303555662525}
  - {fileID: 4540691720703918}
  - {fileID: 4103679587438825}
  - {fileID: 4312867704525390}
  - {fileID: 4244275207511643}
  m_Father: {fileID: 4677965727469127}
  m_RootOrder: 0
  m_LocalEulerAnglesHint: {x: -6.578644, y: 0.4345558, z: -10.51971}
--- !u!1 &1406628147218424
GameObject:
  m_CorrespondingSourceObject: {fileID: 0}
  m_PrefabInstance: {fileID: 100100000}
  m_PrefabAsset: {fileID: 0}
  serializedVersion: 5
  m_Component:
  - component: {fileID: 4988405705730273}
  m_Layer: 0
  m_Name: Cheak.l
  m_TagString: Untagged
  m_Icon: {fileID: 0}
  m_NavMeshLayer: 0
  m_StaticEditorFlags: 0
  m_IsActive: 1
--- !u!4 &4988405705730273
Transform:
  m_CorrespondingSourceObject: {fileID: 0}
  m_PrefabInstance: {fileID: 100100000}
  m_PrefabAsset: {fileID: 0}
  m_GameObject: {fileID: 1406628147218424}
  m_LocalRotation: {x: -0.7367487, y: -0.2131355, z: -0.2767049, w: 0.5789724}
  m_LocalPosition: {x: 9.749783E-11, y: 0.001832772, z: -1.874287E-10}
  m_LocalScale: {x: 1, y: 1, z: 1}
  m_Children: []
  m_Father: {fileID: 4408793313007380}
  m_RootOrder: 0
  m_LocalEulerAnglesHint: {x: -103.4966, y: 40.8835, z: 0.4815675}
--- !u!1 &1827713320943008
GameObject:
  m_CorrespondingSourceObject: {fileID: 0}
  m_PrefabInstance: {fileID: 100100000}
  m_PrefabAsset: {fileID: 0}
  serializedVersion: 5
  m_Component:
  - component: {fileID: 4672303555662525}
  m_Layer: 0
  m_Name: Cheak.r
  m_TagString: Untagged
  m_Icon: {fileID: 0}
  m_NavMeshLayer: 0
  m_StaticEditorFlags: 0
  m_IsActive: 1
--- !u!4 &4672303555662525
Transform:
  m_CorrespondingSourceObject: {fileID: 0}
  m_PrefabInstance: {fileID: 100100000}
  m_PrefabAsset: {fileID: 0}
  m_GameObject: {fileID: 1827713320943008}
  m_LocalRotation: {x: -0.7227309, y: 0.2537491, z: 0.2556366, w: 0.5898486}
  m_LocalPosition: {x: 9.749783E-11, y: 0.001832772, z: -1.874287E-10}
  m_LocalScale: {x: 1, y: 1, z: 1}
  m_Children: []
  m_Father: {fileID: 4408793313007380}
  m_RootOrder: 1
  m_LocalEulerAnglesHint: {x: -103.4934, y: -41.97915, z: 5.032519}
--- !u!1 &1880836664685445
GameObject:
  m_CorrespondingSourceObject: {fileID: 0}
  m_PrefabInstance: {fileID: 100100000}
  m_PrefabAsset: {fileID: 0}
  serializedVersion: 5
  m_Component:
  - component: {fileID: 4540691720703918}
  m_Layer: 0
  m_Name: EyeBrow.l
  m_TagString: Untagged
  m_Icon: {fileID: 0}
  m_NavMeshLayer: 0
  m_StaticEditorFlags: 0
  m_IsActive: 1
--- !u!4 &4540691720703918
Transform:
  m_CorrespondingSourceObject: {fileID: 0}
  m_PrefabInstance: {fileID: 100100000}
  m_PrefabAsset: {fileID: 0}
  m_GameObject: {fileID: 1880836664685445}
  m_LocalRotation: {x: -0.5305055, y: -0.2144132, z: -0.145116, w: 0.8071755}
  m_LocalPosition: {x: 9.749783E-11, y: 0.001832772, z: -1.874287E-10}
  m_LocalScale: {x: 0.9999999, y: 0.9999999, z: 0.9999999}
  m_Children: []
  m_Father: {fileID: 4408793313007380}
  m_RootOrder: 2
  m_LocalEulerAnglesHint: {x: -66.50868, y: 30.00713, z: 0.4481564}
--- !u!1 &1445379407866197
GameObject:
  m_CorrespondingSourceObject: {fileID: 0}
  m_PrefabInstance: {fileID: 100100000}
  m_PrefabAsset: {fileID: 0}
  serializedVersion: 5
  m_Component:
  - component: {fileID: 4103679587438825}
  m_Layer: 0
  m_Name: EyeBrow.r
  m_TagString: Untagged
  m_Icon: {fileID: 0}
  m_NavMeshLayer: 0
  m_StaticEditorFlags: 0
  m_IsActive: 1
--- !u!4 &4103679587438825
Transform:
  m_CorrespondingSourceObject: {fileID: 0}
  m_PrefabInstance: {fileID: 100100000}
  m_PrefabAsset: {fileID: 0}
  m_GameObject: {fileID: 1445379407866197}
  m_LocalRotation: {x: -0.537299, y: 0.1747622, z: 0.1797838, w: 0.8052613}
  m_LocalPosition: {x: 9.749783E-11, y: 0.001832772, z: -1.874287E-10}
  m_LocalScale: {x: 1, y: 1, z: 1}
  m_Children: []
  m_Father: {fileID: 4408793313007380}
  m_RootOrder: 3
  m_LocalEulerAnglesHint: {x: -65.74769, y: -28.33681, z: -6.638156}
--- !u!1 &1050653650828727
GameObject:
  m_CorrespondingSourceObject: {fileID: 0}
  m_PrefabInstance: {fileID: 100100000}
  m_PrefabAsset: {fileID: 0}
  serializedVersion: 5
  m_Component:
  - component: {fileID: 4312867704525390}
  m_Layer: 0
  m_Name: Jaw
  m_TagString: Untagged
  m_Icon: {fileID: 0}
  m_NavMeshLayer: 0
  m_StaticEditorFlags: 0
  m_IsActive: 1
--- !u!4 &4312867704525390
Transform:
  m_CorrespondingSourceObject: {fileID: 0}
  m_PrefabInstance: {fileID: 100100000}
  m_PrefabAsset: {fileID: 0}
  m_GameObject: {fileID: 1050653650828727}
  m_LocalRotation: {x: 0.949306, y: 2.962656E-09, z: 1.85166E-09, w: -0.3143537}
  m_LocalPosition: {x: 9.749783E-11, y: 0.001832772, z: -1.874287E-10}
  m_LocalScale: {x: 1, y: 1, z: 1}
  m_Children:
  - {fileID: 4936745641200091}
  m_Father: {fileID: 4408793313007380}
  m_RootOrder: 4
  m_LocalEulerAnglesHint: {x: -143.3564, y: 3.081497E-07, z: -2.555839E-07}
--- !u!1 &1371072400907166
GameObject:
  m_CorrespondingSourceObject: {fileID: 0}
  m_PrefabInstance: {fileID: 100100000}
  m_PrefabAsset: {fileID: 0}
  serializedVersion: 5
  m_Component:
  - component: {fileID: 4936745641200091}
  m_Layer: 0
  m_Name: Lip
  m_TagString: Untagged
  m_Icon: {fileID: 0}
  m_NavMeshLayer: 0
  m_StaticEditorFlags: 0
  m_IsActive: 1
--- !u!4 &4936745641200091
Transform:
  m_CorrespondingSourceObject: {fileID: 0}
  m_PrefabInstance: {fileID: 100100000}
  m_PrefabAsset: {fileID: 0}
  m_GameObject: {fileID: 1371072400907166}
  m_LocalRotation: {x: 0.7139263, y: 0.009764434, z: 0.03530977, w: 0.6992619}
  m_LocalPosition: {x: -8.149072E-11, y: 0.002561393, z: -3.539026E-10}
  m_LocalScale: {x: 0.9999999, y: 1, z: 0.9999999}
  m_Children: []
  m_Father: {fileID: 4312867704525390}
  m_RootOrder: 0
  m_LocalEulerAnglesHint: {x: 91.12223, y: 2.106745, z: -3.63307}
--- !u!1 &1526630594050631
GameObject:
  m_CorrespondingSourceObject: {fileID: 0}
  m_PrefabInstance: {fileID: 100100000}
  m_PrefabAsset: {fileID: 0}
  serializedVersion: 5
  m_Component:
  - component: {fileID: 4244275207511643}
  m_Layer: 0
  m_Name: UpperLip
  m_TagString: Untagged
  m_Icon: {fileID: 0}
  m_NavMeshLayer: 0
  m_StaticEditorFlags: 0
  m_IsActive: 1
--- !u!4 &4244275207511643
Transform:
  m_CorrespondingSourceObject: {fileID: 0}
  m_PrefabInstance: {fileID: 100100000}
  m_PrefabAsset: {fileID: 0}
  m_GameObject: {fileID: 1526630594050631}
  m_LocalRotation: {x: -0.8576954, y: 0.02737539, z: -0.00889584, w: 0.5133518}
  m_LocalPosition: {x: 9.749783E-11, y: 0.001832772, z: -1.874287E-10}
  m_LocalScale: {x: 1, y: 1, z: 1}
  m_Children: []
  m_Father: {fileID: 4408793313007380}
  m_RootOrder: 5
  m_LocalEulerAnglesHint: {x: -118.2175, y: -0.7360746, z: 3.215839}
--- !u!1 &1907411764192054
GameObject:
  m_CorrespondingSourceObject: {fileID: 0}
  m_PrefabInstance: {fileID: 100100000}
  m_PrefabAsset: {fileID: 0}
  serializedVersion: 5
  m_Component:
  - component: {fileID: 4209250725588324}
  m_Layer: 0
  m_Name: Shoulder.l
  m_TagString: Untagged
  m_Icon: {fileID: 0}
  m_NavMeshLayer: 0
  m_StaticEditorFlags: 0
  m_IsActive: 1
--- !u!4 &4209250725588324
Transform:
  m_CorrespondingSourceObject: {fileID: 0}
  m_PrefabInstance: {fileID: 100100000}
  m_PrefabAsset: {fileID: 0}
  m_GameObject: {fileID: 1907411764192054}
  m_LocalRotation: {x: 0.5613523, y: 0.4272881, z: 0.5390455, w: -0.4601506}
  m_LocalPosition: {x: 1.819797E-25, y: 0.002565586, z: -6.519258E-11}
  m_LocalScale: {x: 0.9999999, y: 1, z: 0.9999999}
  m_Children:
  - {fileID: 4723518608166008}
  m_Father: {fileID: 4677965727469127}
  m_RootOrder: 1
  m_LocalEulerAnglesHint: {x: -85.28326, y: 86.78127, z: 16.94647}
--- !u!1 &1905422952382564
GameObject:
  m_CorrespondingSourceObject: {fileID: 0}
  m_PrefabInstance: {fileID: 100100000}
  m_PrefabAsset: {fileID: 0}
  serializedVersion: 5
  m_Component:
  - component: {fileID: 4723518608166008}
  m_Layer: 0
  m_Name: Upperarm.l
  m_TagString: Untagged
  m_Icon: {fileID: 0}
  m_NavMeshLayer: 0
  m_StaticEditorFlags: 0
  m_IsActive: 1
--- !u!4 &4723518608166008
Transform:
  m_CorrespondingSourceObject: {fileID: 0}
  m_PrefabInstance: {fileID: 100100000}
  m_PrefabAsset: {fileID: 0}
  m_GameObject: {fileID: 1905422952382564}
  m_LocalRotation: {x: -0.3490524, y: -0.1451927, z: 0.3380946, w: 0.8618431}
  m_LocalPosition: {x: -6.170012E-11, y: 0.003242583, z: -1.818989E-10}
  m_LocalScale: {x: 1, y: 1, z: 0.9999999}
  m_Children:
  - {fileID: 4150235650849623}
  m_Father: {fileID: 4209250725588324}
  m_RootOrder: 0
  m_LocalEulerAnglesHint: {x: -44.41943, y: 0.8159909, z: -43.17257}
--- !u!1 &1865827475733122
GameObject:
  m_CorrespondingSourceObject: {fileID: 0}
  m_PrefabInstance: {fileID: 100100000}
  m_PrefabAsset: {fileID: 0}
  serializedVersion: 5
  m_Component:
  - component: {fileID: 4150235650849623}
  m_Layer: 0
  m_Name: Underarm.l
  m_TagString: Untagged
  m_Icon: {fileID: 0}
  m_NavMeshLayer: 0
  m_StaticEditorFlags: 0
  m_IsActive: 1
--- !u!4 &4150235650849623
Transform:
  m_CorrespondingSourceObject: {fileID: 0}
  m_PrefabInstance: {fileID: 100100000}
  m_PrefabAsset: {fileID: 0}
  m_GameObject: {fileID: 1865827475733122}
  m_LocalRotation: {x: -0.1620983, y: -0.2161066, z: 0.4407447, w: 0.8560176}
  m_LocalPosition: {x: -2.607703E-10, y: 0.001895525, z: 3.352761E-10}
  m_LocalScale: {x: 1, y: 1, z: 1}
  m_Children:
  - {fileID: 4685029328795241}
  m_Father: {fileID: 4723518608166008}
  m_RootOrder: 0
  m_LocalEulerAnglesHint: {x: -28.72262, y: 13.12606, z: -57.86044}
--- !u!1 &1139774614473480
GameObject:
  m_CorrespondingSourceObject: {fileID: 0}
  m_PrefabInstance: {fileID: 100100000}
  m_PrefabAsset: {fileID: 0}
  serializedVersion: 5
  m_Component:
  - component: {fileID: 4685029328795241}
  m_Layer: 0
  m_Name: Wrist.l
  m_TagString: Untagged
  m_Icon: {fileID: 0}
  m_NavMeshLayer: 0
  m_StaticEditorFlags: 0
  m_IsActive: 1
--- !u!4 &4685029328795241
Transform:
  m_CorrespondingSourceObject: {fileID: 0}
  m_PrefabInstance: {fileID: 100100000}
  m_PrefabAsset: {fileID: 0}
  m_GameObject: {fileID: 1139774614473480}
  m_LocalRotation: {x: -0.06259929, y: 0.1383896, z: 0.1302963, w: 0.9797717}
  m_LocalPosition: {x: 4.656613E-10, y: 0.002213221, z: 3.352761E-10}
  m_LocalScale: {x: 0.9999999, y: 0.9999999, z: 0.9999999}
  m_Children:
  - {fileID: 4988101836250395}
  - {fileID: 4227230631131780}
  - {fileID: 4909103869530599}
  - {fileID: 4257543702828609}
  - {fileID: 4456978416026286}
  m_Father: {fileID: 4150235650849623}
  m_RootOrder: 0
  m_LocalEulerAnglesHint: {x: -5.187771, y: -16.70794, z: -14.38791}
--- !u!1 &1618178839509808
GameObject:
  m_CorrespondingSourceObject: {fileID: 0}
  m_PrefabInstance: {fileID: 100100000}
  m_PrefabAsset: {fileID: 0}
  serializedVersion: 5
  m_Component:
  - component: {fileID: 4988101836250395}
  m_Layer: 0
  m_Name: Index1.l
  m_TagString: Untagged
  m_Icon: {fileID: 0}
  m_NavMeshLayer: 0
  m_StaticEditorFlags: 0
  m_IsActive: 1
--- !u!4 &4988101836250395
Transform:
  m_CorrespondingSourceObject: {fileID: 0}
  m_PrefabInstance: {fileID: 100100000}
  m_PrefabAsset: {fileID: 0}
  m_GameObject: {fileID: 1618178839509808}
  m_LocalRotation: {x: -0.1567406, y: -0.0764404, z: 0.03828487, w: 0.9839327}
  m_LocalPosition: {x: -0.0004126389, y: 0.002299884, z: -5.654961E-05}
  m_LocalScale: {x: 1, y: 1, z: 1}
  m_Children:
  - {fileID: 4418799675583500}
  m_Father: {fileID: 4685029328795241}
  m_RootOrder: 0
  m_LocalEulerAnglesHint: {x: -18.50289, y: 7.956592, z: -5.754566}
--- !u!1 &1261958283820188
GameObject:
  m_CorrespondingSourceObject: {fileID: 0}
  m_PrefabInstance: {fileID: 100100000}
  m_PrefabAsset: {fileID: 0}
  serializedVersion: 5
  m_Component:
  - component: {fileID: 4418799675583500}
  m_Layer: 0
  m_Name: Index2.l
  m_TagString: Untagged
  m_Icon: {fileID: 0}
  m_NavMeshLayer: 0
  m_StaticEditorFlags: 0
  m_IsActive: 1
--- !u!4 &4418799675583500
Transform:
  m_CorrespondingSourceObject: {fileID: 0}
  m_PrefabInstance: {fileID: 100100000}
  m_PrefabAsset: {fileID: 0}
  m_GameObject: {fileID: 1261958283820188}
  m_LocalRotation: {x: -1.862657E-09, y: 9.313287E-10, z: -0.00355894, w: 0.9999937}
  m_LocalPosition: {x: -1.420267E-10, y: 0.0005882532, z: -2.815068E-10}
  m_LocalScale: {x: 0.9999999, y: 0.9999999, z: 0.9999999}
  m_Children:
  - {fileID: 4275994298558747}
  m_Father: {fileID: 4988101836250395}
  m_RootOrder: 0
  m_LocalEulerAnglesHint: {x: -2.138233E-07, y: -1.059621E-07, z: 0.4078254}
--- !u!1 &1628270987955819
GameObject:
  m_CorrespondingSourceObject: {fileID: 0}
  m_PrefabInstance: {fileID: 100100000}
  m_PrefabAsset: {fileID: 0}
  serializedVersion: 5
  m_Component:
  - component: {fileID: 4275994298558747}
  m_Layer: 0
  m_Name: Index3.l
  m_TagString: Untagged
  m_Icon: {fileID: 0}
  m_NavMeshLayer: 0
  m_StaticEditorFlags: 0
  m_IsActive: 1
--- !u!4 &4275994298558747
Transform:
  m_CorrespondingSourceObject: {fileID: 0}
  m_PrefabInstance: {fileID: 100100000}
  m_PrefabAsset: {fileID: 0}
  m_GameObject: {fileID: 1628270987955819}
  m_LocalRotation: {x: 8.218627E-09, y: -6.096949E-07, z: 0.01487179, w: 0.9998894}
  m_LocalPosition: {x: -3.166497E-10, y: 0.0004912536, z: 1.14087E-10}
  m_LocalScale: {x: 1, y: 1, z: 1}
  m_Children: []
  m_Father: {fileID: 4418799675583500}
  m_RootOrder: 0
  m_LocalEulerAnglesHint: {x: -9.734978E-08, y: 6.987217E-05, z: -1.704245}
--- !u!1 &1137834817184889
GameObject:
  m_CorrespondingSourceObject: {fileID: 0}
  m_PrefabInstance: {fileID: 100100000}
  m_PrefabAsset: {fileID: 0}
  serializedVersion: 5
  m_Component:
  - component: {fileID: 4227230631131780}
  m_Layer: 0
  m_Name: Midle1.l
  m_TagString: Untagged
  m_Icon: {fileID: 0}
  m_NavMeshLayer: 0
  m_StaticEditorFlags: 0
  m_IsActive: 1
--- !u!4 &4227230631131780
Transform:
  m_CorrespondingSourceObject: {fileID: 0}
  m_PrefabInstance: {fileID: 100100000}
  m_PrefabAsset: {fileID: 0}
  m_GameObject: {fileID: 1137834817184889}
  m_LocalRotation: {x: -0.1576531, y: -0.07568954, z: 0.04454458, w: 0.9835814}
  m_LocalPosition: {x: -5.128186E-05, y: 0.00239413, z: -2.161175E-05}
  m_LocalScale: {x: 1, y: 1, z: 1}
  m_Children:
  - {fileID: 4891585281530113}
  m_Father: {fileID: 4685029328795241}
  m_RootOrder: 1
  m_LocalEulerAnglesHint: {x: -18.65042, y: 7.749858, z: -6.460577}
--- !u!1 &1973902922651613
GameObject:
  m_CorrespondingSourceObject: {fileID: 0}
  m_PrefabInstance: {fileID: 100100000}
  m_PrefabAsset: {fileID: 0}
  serializedVersion: 5
  m_Component:
  - component: {fileID: 4891585281530113}
  m_Layer: 0
  m_Name: Midle2.l
  m_TagString: Untagged
  m_Icon: {fileID: 0}
  m_NavMeshLayer: 0
  m_StaticEditorFlags: 0
  m_IsActive: 1
--- !u!4 &4891585281530113
Transform:
  m_CorrespondingSourceObject: {fileID: 0}
  m_PrefabInstance: {fileID: 100100000}
  m_PrefabAsset: {fileID: 0}
  m_GameObject: {fileID: 1973902922651613}
  m_LocalRotation: {x: -1.862661E-09, y: -4.656652E-10, z: -0.004088401, w: 0.9999917}
  m_LocalPosition: {x: -4.982575E-10, y: 0.0005747207, z: -5.0175E-10}
  m_LocalScale: {x: 1, y: 1, z: 1}
  m_Children:
  - {fileID: 4818013961486153}
  m_Father: {fileID: 4227230631131780}
  m_RootOrder: 0
  m_LocalEulerAnglesHint: {x: -2.132252E-07, y: 5.42335E-08, z: 0.4684976}
--- !u!1 &1538579868578331
GameObject:
  m_CorrespondingSourceObject: {fileID: 0}
  m_PrefabInstance: {fileID: 100100000}
  m_PrefabAsset: {fileID: 0}
  serializedVersion: 5
  m_Component:
  - component: {fileID: 4818013961486153}
  m_Layer: 0
  m_Name: Shoulder.l.014
  m_TagString: Untagged
  m_Icon: {fileID: 0}
  m_NavMeshLayer: 0
  m_StaticEditorFlags: 0
  m_IsActive: 1
--- !u!4 &4818013961486153
Transform:
  m_CorrespondingSourceObject: {fileID: 0}
  m_PrefabInstance: {fileID: 100100000}
  m_PrefabAsset: {fileID: 0}
  m_GameObject: {fileID: 1538579868578331}
  m_LocalRotation: {x: -1.86265E-09, y: -1.396987E-09, z: -0.002349604, w: 0.9999973}
  m_LocalPosition: {x: -5.960464E-10, y: 0.0005191384, z: 2.910383E-11}
  m_LocalScale: {x: 1, y: 0.9999999, z: 0.9999999}
  m_Children: []
  m_Father: {fileID: 4891585281530113}
  m_RootOrder: 0
  m_LocalEulerAnglesHint: {x: -2.130672E-07, y: 1.60584E-07, z: 0.269245}
--- !u!1 &1950909747547380
GameObject:
  m_CorrespondingSourceObject: {fileID: 0}
  m_PrefabInstance: {fileID: 100100000}
  m_PrefabAsset: {fileID: 0}
  serializedVersion: 5
  m_Component:
  - component: {fileID: 4909103869530599}
  m_Layer: 0
  m_Name: Shoulder.l.016
  m_TagString: Untagged
  m_Icon: {fileID: 0}
  m_NavMeshLayer: 0
  m_StaticEditorFlags: 0
  m_IsActive: 1
--- !u!4 &4909103869530599
Transform:
  m_CorrespondingSourceObject: {fileID: 0}
  m_PrefabInstance: {fileID: 100100000}
  m_PrefabAsset: {fileID: 0}
  m_GameObject: {fileID: 1950909747547380}
  m_LocalRotation: {x: -0.1546065, y: -0.08120607, z: 0.008116751, w: 0.9845997}
  m_LocalPosition: {x: 0.0003165861, y: 0.002466605, z: 1.737399E-05}
  m_LocalScale: {x: 1, y: 1, z: 1}
  m_Children:
  - {fileID: 4937501424118483}
  m_Father: {fileID: 4685029328795241}
  m_RootOrder: 2
  m_LocalEulerAnglesHint: {x: -18.03686, y: 9.056081, z: -2.384891}
--- !u!1 &1761086397631545
GameObject:
  m_CorrespondingSourceObject: {fileID: 0}
  m_PrefabInstance: {fileID: 100100000}
  m_PrefabAsset: {fileID: 0}
  serializedVersion: 5
  m_Component:
  - component: {fileID: 4937501424118483}
  m_Layer: 0
  m_Name: Shoulder.l.017
  m_TagString: Untagged
  m_Icon: {fileID: 0}
  m_NavMeshLayer: 0
  m_StaticEditorFlags: 0
  m_IsActive: 1
--- !u!4 &4937501424118483
Transform:
  m_CorrespondingSourceObject: {fileID: 0}
  m_PrefabInstance: {fileID: 100100000}
  m_PrefabAsset: {fileID: 0}
  m_GameObject: {fileID: 1761086397631545}
  m_LocalRotation: {x: 3.725605E-09, y: -4.657005E-10, z: 0.01298376, w: 0.9999157}
  m_LocalPosition: {x: 3.72529E-11, y: 0.0005327359, z: 1.164153E-10}
  m_LocalScale: {x: 0.9999999, y: 1, z: 1}
  m_Children:
  - {fileID: 4874803170005197}
  m_Father: {fileID: 4909103869530599}
  m_RootOrder: 0
  m_LocalEulerAnglesHint: {x: 4.26194E-07, y: 5.890392E-08, z: -1.487871}
--- !u!1 &1638737604256806
GameObject:
  m_CorrespondingSourceObject: {fileID: 0}
  m_PrefabInstance: {fileID: 100100000}
  m_PrefabAsset: {fileID: 0}
  serializedVersion: 5
  m_Component:
  - component: {fileID: 4874803170005197}
  m_Layer: 0
  m_Name: Shoulder.l.018
  m_TagString: Untagged
  m_Icon: {fileID: 0}
  m_NavMeshLayer: 0
  m_StaticEditorFlags: 0
  m_IsActive: 1
--- !u!4 &4874803170005197
Transform:
  m_CorrespondingSourceObject: {fileID: 0}
  m_PrefabInstance: {fileID: 100100000}
  m_PrefabAsset: {fileID: 0}
  m_GameObject: {fileID: 1638737604256806}
  m_LocalRotation: {x: -1.863735E-09, y: -2.329668E-09, z: 0.03418643, w: 0.9994155}
  m_LocalPosition: {x: -4.936009E-10, y: 0.0004910585, z: -6.548362E-11}
  m_LocalScale: {x: 0.9999999, y: 0.9999999, z: 0.9999999}
  m_Children: []
  m_Father: {fileID: 4937501424118483}
  m_RootOrder: 0
  m_LocalEulerAnglesHint: {x: -2.225698E-07, y: 2.595031E-07, z: -3.918239}
--- !u!1 &1141101941492079
GameObject:
  m_CorrespondingSourceObject: {fileID: 0}
  m_PrefabInstance: {fileID: 100100000}
  m_PrefabAsset: {fileID: 0}
  serializedVersion: 5
  m_Component:
  - component: {fileID: 4257543702828609}
  m_Layer: 0
  m_Name: Shoulder.l.020
  m_TagString: Untagged
  m_Icon: {fileID: 0}
  m_NavMeshLayer: 0
  m_StaticEditorFlags: 0
  m_IsActive: 1
--- !u!4 &4257543702828609
Transform:
  m_CorrespondingSourceObject: {fileID: 0}
  m_PrefabInstance: {fileID: 100100000}
  m_PrefabAsset: {fileID: 0}
  m_GameObject: {fileID: 1141101941492079}
  m_LocalRotation: {x: -0.1553679, y: -0.0791932, z: 0.02092354, w: 0.9844549}
  m_LocalPosition: {x: 0.0007491092, y: 0.002558603, z: 6.146768E-05}
  m_LocalScale: {x: 1, y: 1, z: 1}
  m_Children:
  - {fileID: 4394050522956715}
  m_Father: {fileID: 4685029328795241}
  m_RootOrder: 3
  m_LocalEulerAnglesHint: {x: -18.22385, y: 8.593466, z: -3.815962}
--- !u!1 &1383999840894172
GameObject:
  m_CorrespondingSourceObject: {fileID: 0}
  m_PrefabInstance: {fileID: 100100000}
  m_PrefabAsset: {fileID: 0}
  serializedVersion: 5
  m_Component:
  - component: {fileID: 4394050522956715}
  m_Layer: 0
  m_Name: Shoulder.l.021
  m_TagString: Untagged
  m_Icon: {fileID: 0}
  m_NavMeshLayer: 0
  m_StaticEditorFlags: 0
  m_IsActive: 1
--- !u!4 &4394050522956715
Transform:
  m_CorrespondingSourceObject: {fileID: 0}
  m_PrefabInstance: {fileID: 100100000}
  m_PrefabAsset: {fileID: 0}
  m_GameObject: {fileID: 1383999840894172}
  m_LocalRotation: {x: -1.865209E-09, y: -4.663022E-09, z: 0.05241451, w: 0.9986254}
  m_LocalPosition: {x: 5.587935E-10, y: 0.000456477, z: 1.14087E-10}
  m_LocalScale: {x: 1, y: 0.9999999, z: 0.9999999}
  m_Children:
  - {fileID: 4638978259309530}
  m_Father: {fileID: 4257543702828609}
  m_RootOrder: 0
  m_LocalEulerAnglesHint: {x: -2.414508E-07, y: 5.224056E-07, z: -6.009014}
--- !u!1 &1982440004423665
GameObject:
  m_CorrespondingSourceObject: {fileID: 0}
  m_PrefabInstance: {fileID: 100100000}
  m_PrefabAsset: {fileID: 0}
  serializedVersion: 5
  m_Component:
  - component: {fileID: 4638978259309530}
  m_Layer: 0
  m_Name: Shoulder.l.022
  m_TagString: Untagged
  m_Icon: {fileID: 0}
  m_NavMeshLayer: 0
  m_StaticEditorFlags: 0
  m_IsActive: 1
--- !u!4 &4638978259309530
Transform:
  m_CorrespondingSourceObject: {fileID: 0}
  m_PrefabInstance: {fileID: 100100000}
  m_PrefabAsset: {fileID: 0}
  m_GameObject: {fileID: 1982440004423665}
  m_LocalRotation: {x: 1.862861E-09, y: -2.794291E-09, z: -0.01519366, w: 0.9998846}
  m_LocalPosition: {x: 9.126961E-10, y: 0.0003964081, z: 2.002343E-10}
  m_LocalScale: {x: 0.9999999, y: 0.9999999, z: 1}
  m_Children: []
  m_Father: {fileID: 4394050522956715}
  m_RootOrder: 0
  m_LocalEulerAnglesHint: {x: 2.183085E-07, y: 3.169219E-07, z: 1.741132}
--- !u!1 &1943843913654370
GameObject:
  m_CorrespondingSourceObject: {fileID: 0}
  m_PrefabInstance: {fileID: 100100000}
  m_PrefabAsset: {fileID: 0}
  serializedVersion: 5
  m_Component:
  - component: {fileID: 4456978416026286}
  m_Layer: 0
  m_Name: Thumb1.l
  m_TagString: Untagged
  m_Icon: {fileID: 0}
  m_NavMeshLayer: 0
  m_StaticEditorFlags: 0
  m_IsActive: 1
--- !u!4 &4456978416026286
Transform:
  m_CorrespondingSourceObject: {fileID: 0}
  m_PrefabInstance: {fileID: 100100000}
  m_PrefabAsset: {fileID: 0}
  m_GameObject: {fileID: 1943843913654370}
  m_LocalRotation: {x: -0.06739689, y: -0.0283374, z: 0.4800402, w: 0.8741945}
  m_LocalPosition: {x: -4.322789E-05, y: 0.0008826813, z: 5.705655E-07}
  m_LocalScale: {x: 1, y: 1, z: 1}
  m_Children:
  - {fileID: 4858600956560363}
  m_Father: {fileID: 4685029328795241}
  m_RootOrder: 4
  m_LocalEulerAnglesHint: {x: -8.340686, y: -0.8687309, z: -57.48105}
--- !u!1 &1249663069637835
GameObject:
  m_CorrespondingSourceObject: {fileID: 0}
  m_PrefabInstance: {fileID: 100100000}
  m_PrefabAsset: {fileID: 0}
  serializedVersion: 5
  m_Component:
  - component: {fileID: 4858600956560363}
  m_Layer: 0
  m_Name: Thumb2.l
  m_TagString: Untagged
  m_Icon: {fileID: 0}
  m_NavMeshLayer: 0
  m_StaticEditorFlags: 0
  m_IsActive: 1
--- !u!4 &4858600956560363
Transform:
  m_CorrespondingSourceObject: {fileID: 0}
  m_PrefabInstance: {fileID: 100100000}
  m_PrefabAsset: {fileID: 0}
  m_GameObject: {fileID: 1249663069637835}
  m_LocalRotation: {x: -0.0388747, y: -0.05257691, z: -0.2056211, w: 0.9764448}
  m_LocalPosition: {x: 4.097819E-10, y: 0.0007615142, z: -1.862645E-10}
  m_LocalScale: {x: 0.9999999, y: 1, z: 0.9999999}
  m_Children:
  - {fileID: 4512089779259891}
  m_Father: {fileID: 4456978416026286}
  m_RootOrder: 0
  m_LocalEulerAnglesHint: {x: -3.13464, y: 6.814994, z: 23.59667}
--- !u!1 &1640263956960746
GameObject:
  m_CorrespondingSourceObject: {fileID: 0}
  m_PrefabInstance: {fileID: 100100000}
  m_PrefabAsset: {fileID: 0}
  serializedVersion: 5
  m_Component:
  - component: {fileID: 4512089779259891}
  m_Layer: 0
  m_Name: Thumb3.l
  m_TagString: Untagged
  m_Icon: {fileID: 0}
  m_NavMeshLayer: 0
  m_StaticEditorFlags: 0
  m_IsActive: 1
--- !u!4 &4512089779259891
Transform:
  m_CorrespondingSourceObject: {fileID: 0}
  m_PrefabInstance: {fileID: 100100000}
  m_PrefabAsset: {fileID: 0}
  m_GameObject: {fileID: 1640263956960746}
  m_LocalRotation: {x: 1.305872E-08, y: 1.259234E-08, z: -0.05560137, w: 0.9984531}
  m_LocalPosition: {x: 1.536682E-10, y: 0.0005714233, z: -4.144385E-10}
  m_LocalScale: {x: 0.9999999, y: 0.9999998, z: 0.9999999}
  m_Children: []
  m_Father: {fileID: 4858600956560363}
  m_RootOrder: 0
  m_LocalEulerAnglesHint: {x: 1.413873E-06, y: -1.523946E-06, z: 6.374735}
--- !u!1 &1257970148418676
GameObject:
  m_CorrespondingSourceObject: {fileID: 0}
  m_PrefabInstance: {fileID: 100100000}
  m_PrefabAsset: {fileID: 0}
  serializedVersion: 5
  m_Component:
  - component: {fileID: 4854067986957444}
  m_Layer: 0
  m_Name: Shoulder.r
  m_TagString: Untagged
  m_Icon: {fileID: 0}
  m_NavMeshLayer: 0
  m_StaticEditorFlags: 0
  m_IsActive: 1
--- !u!4 &4854067986957444
Transform:
  m_CorrespondingSourceObject: {fileID: 0}
  m_PrefabInstance: {fileID: 100100000}
  m_PrefabAsset: {fileID: 0}
  m_GameObject: {fileID: 1257970148418676}
  m_LocalRotation: {x: 0.5836464, y: -0.4353517, z: -0.522501, w: -0.4436424}
  m_LocalPosition: {x: -9.936633E-19, y: 0.002565586, z: -6.519258E-11}
  m_LocalScale: {x: 1, y: 1, z: 0.9999999}
  m_Children:
  - {fileID: 4112514959105514}
  m_Father: {fileID: 4677965727469127}
  m_RootOrder: 2
  m_LocalEulerAnglesHint: {x: -133.8062, y: -84.99857, z: 30.7506}
--- !u!1 &1952695972469778
GameObject:
  m_CorrespondingSourceObject: {fileID: 0}
  m_PrefabInstance: {fileID: 100100000}
  m_PrefabAsset: {fileID: 0}
  serializedVersion: 5
  m_Component:
  - component: {fileID: 4112514959105514}
  m_Layer: 0
  m_Name: Upperarm.r
  m_TagString: Untagged
  m_Icon: {fileID: 0}
  m_NavMeshLayer: 0
  m_StaticEditorFlags: 0
  m_IsActive: 1
--- !u!4 &4112514959105514
Transform:
  m_CorrespondingSourceObject: {fileID: 0}
  m_PrefabInstance: {fileID: 100100000}
  m_PrefabAsset: {fileID: 0}
  m_GameObject: {fileID: 1952695972469778}
  m_LocalRotation: {x: -0.3859622, y: -0.6179264, z: -0.03011952, w: 0.6843194}
  m_LocalPosition: {x: 8.381903E-11, y: 0.003242583, z: -8.914503E-10}
  m_LocalScale: {x: 1, y: 1, z: 1}
  m_Children:
  - {fileID: 4066783463865473}
  m_Father: {fileID: 4854067986957444}
  m_RootOrder: 0
  m_LocalEulerAnglesHint: {x: -97.15055, y: 60.33893, z: -61.71205}
--- !u!1 &1886272114273643
GameObject:
  m_CorrespondingSourceObject: {fileID: 0}
  m_PrefabInstance: {fileID: 100100000}
  m_PrefabAsset: {fileID: 0}
  serializedVersion: 5
  m_Component:
  - component: {fileID: 4066783463865473}
  m_Layer: 0
  m_Name: Underarm.r
  m_TagString: Untagged
  m_Icon: {fileID: 0}
  m_NavMeshLayer: 0
  m_StaticEditorFlags: 0
  m_IsActive: 1
--- !u!4 &4066783463865473
Transform:
  m_CorrespondingSourceObject: {fileID: 0}
  m_PrefabInstance: {fileID: 100100000}
  m_PrefabAsset: {fileID: 0}
  m_GameObject: {fileID: 1886272114273643}
  m_LocalRotation: {x: -0.4645193, y: -0.283277, z: 0.007160478, w: 0.8390022}
  m_LocalPosition: {x: -9.313226E-10, y: 0.001895526, z: -3.72529E-10}
  m_LocalScale: {x: 1, y: 1, z: 1}
  m_Children:
  - {fileID: 4294374392056817}
  m_Father: {fileID: 4112514959105514}
  m_RootOrder: 0
  m_LocalEulerAnglesHint: {x: -62.49562, y: 27.94915, z: -18.1512}
--- !u!1 &1117846278144002
GameObject:
  m_CorrespondingSourceObject: {fileID: 0}
  m_PrefabInstance: {fileID: 100100000}
  m_PrefabAsset: {fileID: 0}
  serializedVersion: 5
  m_Component:
  - component: {fileID: 4294374392056817}
  m_Layer: 0
  m_Name: Wrist.r
  m_TagString: Untagged
  m_Icon: {fileID: 0}
  m_NavMeshLayer: 0
  m_StaticEditorFlags: 0
  m_IsActive: 1
--- !u!4 &4294374392056817
Transform:
  m_CorrespondingSourceObject: {fileID: 0}
  m_PrefabInstance: {fileID: 100100000}
  m_PrefabAsset: {fileID: 0}
  m_GameObject: {fileID: 1117846278144002}
  m_LocalRotation: {x: -0.4995965, y: 0.124279, z: 0.3548087, w: 0.7804286}
  m_LocalPosition: {x: 5.029142E-10, y: 0.002213222, z: -1.117587E-10}
  m_LocalScale: {x: 1, y: 1, z: 1}
  m_Children:
  - {fileID: 4453913716800207}
  - {fileID: 4925664302776976}
  - {fileID: 4753898946869015}
  - {fileID: 4812986444463524}
  - {fileID: 4186783615776439}
  - {fileID: 4043533517166373}
  m_Father: {fileID: 4066783463865473}
  m_RootOrder: 0
  m_LocalEulerAnglesHint: {x: -55.80569, y: -33.26445, z: -30.91842}
--- !u!1 &1711520540370162
GameObject:
  m_CorrespondingSourceObject: {fileID: 0}
  m_PrefabInstance: {fileID: 100100000}
  m_PrefabAsset: {fileID: 0}
  serializedVersion: 5
  m_Component:
  - component: {fileID: 4453913716800207}
  m_Layer: 0
  m_Name: Index1.r
  m_TagString: Untagged
  m_Icon: {fileID: 0}
  m_NavMeshLayer: 0
  m_StaticEditorFlags: 0
  m_IsActive: 1
--- !u!4 &4453913716800207
Transform:
  m_CorrespondingSourceObject: {fileID: 0}
  m_PrefabInstance: {fileID: 100100000}
  m_PrefabAsset: {fileID: 0}
  m_GameObject: {fileID: 1711520540370162}
  m_LocalRotation: {x: -0.1039136, y: -0.01225057, z: -0.1718685, w: 0.9795474}
  m_LocalPosition: {x: 0.0004218954, y: 0.002337716, z: 1.466833E-10}
  m_LocalScale: {x: 1, y: 1, z: 1}
  m_Children:
  - {fileID: 4258114465354511}
  m_Father: {fileID: 4294374392056817}
  m_RootOrder: 0
  m_LocalEulerAnglesHint: {x: -11.52071, y: 3.423683, z: 19.55783}
--- !u!1 &1828559788220087
GameObject:
  m_CorrespondingSourceObject: {fileID: 0}
  m_PrefabInstance: {fileID: 100100000}
  m_PrefabAsset: {fileID: 0}
  serializedVersion: 5
  m_Component:
  - component: {fileID: 4258114465354511}
  m_Layer: 0
  m_Name: Index2.r
  m_TagString: Untagged
  m_Icon: {fileID: 0}
  m_NavMeshLayer: 0
  m_StaticEditorFlags: 0
  m_IsActive: 1
--- !u!4 &4258114465354511
Transform:
  m_CorrespondingSourceObject: {fileID: 0}
  m_PrefabInstance: {fileID: 100100000}
  m_PrefabAsset: {fileID: 0}
  m_GameObject: {fileID: 1828559788220087}
  m_LocalRotation: {x: -0.3751373, y: 0.03049314, z: -0.06737728, w: 0.9240144}
  m_LocalPosition: {x: -5.960464E-10, y: 0.0005882531, z: -2.235174E-10}
  m_LocalScale: {x: 0.9999999, y: 1, z: 1}
  m_Children:
  - {fileID: 4022174190816922}
  m_Father: {fileID: 4453913716800207}
  m_RootOrder: 0
  m_LocalEulerAnglesHint: {x: -44.21759, y: -0.3323599, z: 8.476042}
--- !u!1 &1716900434786532
GameObject:
  m_CorrespondingSourceObject: {fileID: 0}
  m_PrefabInstance: {fileID: 100100000}
  m_PrefabAsset: {fileID: 0}
  serializedVersion: 5
  m_Component:
  - component: {fileID: 4022174190816922}
  m_Layer: 0
  m_Name: Index3.r
  m_TagString: Untagged
  m_Icon: {fileID: 0}
  m_NavMeshLayer: 0
  m_StaticEditorFlags: 0
  m_IsActive: 1
--- !u!4 &4022174190816922
Transform:
  m_CorrespondingSourceObject: {fileID: 0}
  m_PrefabInstance: {fileID: 100100000}
  m_PrefabAsset: {fileID: 0}
  m_GameObject: {fileID: 1716900434786532}
  m_LocalRotation: {x: -0.233446, y: 0.0195166, z: -0.04177961, w: 0.9712757}
  m_LocalPosition: {x: -5.960464E-10, y: 0.0004912529, z: 2.235174E-10}
  m_LocalScale: {x: 0.9999999, y: 0.9999999, z: 0.9999999}
  m_Children: []
  m_Father: {fileID: 4258114465354511}
  m_RootOrder: 0
  m_LocalEulerAnglesHint: {x: -27.07708, y: -1.054613, z: 5.180088}
--- !u!1 &1398978837548494
GameObject:
  m_CorrespondingSourceObject: {fileID: 0}
  m_PrefabInstance: {fileID: 100100000}
  m_PrefabAsset: {fileID: 0}
  serializedVersion: 5
  m_Component:
  - component: {fileID: 4925664302776976}
  m_Layer: 0
  m_Name: Midle1.r
  m_TagString: Untagged
  m_Icon: {fileID: 0}
  m_NavMeshLayer: 0
  m_StaticEditorFlags: 0
  m_IsActive: 1
--- !u!4 &4925664302776976
Transform:
  m_CorrespondingSourceObject: {fileID: 0}
  m_PrefabInstance: {fileID: 100100000}
  m_PrefabAsset: {fileID: 0}
  m_GameObject: {fileID: 1398978837548494}
  m_LocalRotation: {x: -0.2221049, y: -0.05171485, z: -0.1081529, w: 0.9676249}
  m_LocalPosition: {x: 5.533017E-05, y: 0.002399963, z: 4.121102E-10}
  m_LocalScale: {x: 1, y: 1, z: 1}
  m_Children:
  - {fileID: 4606967477710726}
  m_Father: {fileID: 4294374392056817}
  m_RootOrder: 1
  m_LocalEulerAnglesHint: {x: -25.04385, y: 8.518208, z: 10.85995}
--- !u!1 &1473701426125413
GameObject:
  m_CorrespondingSourceObject: {fileID: 0}
  m_PrefabInstance: {fileID: 100100000}
  m_PrefabAsset: {fileID: 0}
  serializedVersion: 5
  m_Component:
  - component: {fileID: 4606967477710726}
  m_Layer: 0
  m_Name: Midle2.r
  m_TagString: Untagged
  m_Icon: {fileID: 0}
  m_NavMeshLayer: 0
  m_StaticEditorFlags: 0
  m_IsActive: 1
--- !u!4 &4606967477710726
Transform:
  m_CorrespondingSourceObject: {fileID: 0}
  m_PrefabInstance: {fileID: 100100000}
  m_PrefabAsset: {fileID: 0}
  m_GameObject: {fileID: 1473701426125413}
  m_LocalRotation: {x: -0.2928399, y: -0.09753507, z: 0.05180094, w: 0.9497623}
  m_LocalPosition: {x: -3.72529E-10, y: 0.0005747202, z: 0}
  m_LocalScale: {x: 1, y: 1, z: 1}
  m_Children:
  - {fileID: 4392467023969011}
  m_Father: {fileID: 4925664302776976}
  m_RootOrder: 0
  m_LocalEulerAnglesHint: {x: -34.97952, y: 8.912823, z: -9.05731}
--- !u!1 &1418534304801255
GameObject:
  m_CorrespondingSourceObject: {fileID: 0}
  m_PrefabInstance: {fileID: 100100000}
  m_PrefabAsset: {fileID: 0}
  serializedVersion: 5
  m_Component:
  - component: {fileID: 4392467023969011}
  m_Layer: 0
  m_Name: Shoulder.r.014
  m_TagString: Untagged
  m_Icon: {fileID: 0}
  m_NavMeshLayer: 0
  m_StaticEditorFlags: 0
  m_IsActive: 1
--- !u!4 &4392467023969011
Transform:
  m_CorrespondingSourceObject: {fileID: 0}
  m_PrefabInstance: {fileID: 100100000}
  m_PrefabAsset: {fileID: 0}
  m_GameObject: {fileID: 1418534304801255}
  m_LocalRotation: {x: -0.2998059, y: -0.06688235, z: 0.0657061, w: 0.9493818}
  m_LocalPosition: {x: 1.490116E-10, y: 0.0005191391, z: -3.352761E-10}
  m_LocalScale: {x: 0.9999999, y: 1, z: 0.9999999}
  m_Children: []
  m_Father: {fileID: 4606967477710726}
  m_RootOrder: 0
  m_LocalEulerAnglesHint: {x: -35.47026, y: 5.0253, z: -9.52628}
--- !u!1 &1170770353297735
GameObject:
  m_CorrespondingSourceObject: {fileID: 0}
  m_PrefabInstance: {fileID: 100100000}
  m_PrefabAsset: {fileID: 0}
  serializedVersion: 5
  m_Component:
  - component: {fileID: 4753898946869015}
  m_Layer: 0
  m_Name: Pipe 1
  m_TagString: Untagged
  m_Icon: {fileID: 0}
  m_NavMeshLayer: 0
  m_StaticEditorFlags: 0
  m_IsActive: 1
--- !u!4 &4753898946869015
Transform:
  m_CorrespondingSourceObject: {fileID: 0}
  m_PrefabInstance: {fileID: 100100000}
  m_PrefabAsset: {fileID: 0}
  m_GameObject: {fileID: 1170770353297735}
  m_LocalRotation: {x: 0.2976153, y: -0.4497091, z: -0.4465999, w: 0.7139575}
  m_LocalPosition: {x: -0.0007524924, y: 0.0006943353, z: -0.004178962}
  m_LocalScale: {x: 1, y: 1, z: 1}
  m_Children: []
  m_Father: {fileID: 4294374392056817}
  m_RootOrder: 2
  m_LocalEulerAnglesHint: {x: 63.15567, y: 22.1057, z: 77.74748}
--- !u!1 &1268574400496719
GameObject:
  m_CorrespondingSourceObject: {fileID: 0}
  m_PrefabInstance: {fileID: 100100000}
  m_PrefabAsset: {fileID: 0}
  serializedVersion: 5
  m_Component:
  - component: {fileID: 4812986444463524}
  m_Layer: 0
  m_Name: Shoulder.r.016
  m_TagString: Untagged
  m_Icon: {fileID: 0}
  m_NavMeshLayer: 0
  m_StaticEditorFlags: 0
  m_IsActive: 1
--- !u!4 &4812986444463524
Transform:
  m_CorrespondingSourceObject: {fileID: 0}
  m_PrefabInstance: {fileID: 100100000}
  m_PrefabAsset: {fileID: 0}
  m_GameObject: {fileID: 1268574400496719}
  m_LocalRotation: {x: -0.2532301, y: -0.05434328, z: 0.02615799, w: 0.9655243}
  m_LocalPosition: {x: -0.0003181505, y: 0.00246221, z: -2.468005E-10}
  m_LocalScale: {x: 1, y: 1, z: 1}
  m_Children:
  - {fileID: 4389488161078249}
  m_Father: {fileID: 4294374392056817}
  m_RootOrder: 3
  m_LocalEulerAnglesHint: {x: -29.59878, y: 5.260927, z: -4.494602}
--- !u!1 &1351233644522265
GameObject:
  m_CorrespondingSourceObject: {fileID: 0}
  m_PrefabInstance: {fileID: 100100000}
  m_PrefabAsset: {fileID: 0}
  serializedVersion: 5
  m_Component:
  - component: {fileID: 4389488161078249}
  m_Layer: 0
  m_Name: Shoulder.r.017
  m_TagString: Untagged
  m_Icon: {fileID: 0}
  m_NavMeshLayer: 0
  m_StaticEditorFlags: 0
  m_IsActive: 1
--- !u!4 &4389488161078249
Transform:
  m_CorrespondingSourceObject: {fileID: 0}
  m_PrefabInstance: {fileID: 100100000}
  m_PrefabAsset: {fileID: 0}
  m_GameObject: {fileID: 1351233644522265}
  m_LocalRotation: {x: -0.6127976, y: -0.03709589, z: -0.006023446, w: 0.7893457}
  m_LocalPosition: {x: 5.215406E-10, y: 0.0005327365, z: -8.940697E-10}
  m_LocalScale: {x: 0.9999999, y: 1, z: 1}
  m_Children:
  - {fileID: 4572602299117608}
  m_Father: {fileID: 4812986444463524}
  m_RootOrder: 0
  m_LocalEulerAnglesHint: {x: -75.71513, y: 3.781129, z: -2.065032}
--- !u!1 &1948574944980867
GameObject:
  m_CorrespondingSourceObject: {fileID: 0}
  m_PrefabInstance: {fileID: 100100000}
  m_PrefabAsset: {fileID: 0}
  serializedVersion: 5
  m_Component:
  - component: {fileID: 4572602299117608}
  m_Layer: 0
  m_Name: Shoulder.r.018
  m_TagString: Untagged
  m_Icon: {fileID: 0}
  m_NavMeshLayer: 0
  m_StaticEditorFlags: 0
  m_IsActive: 1
--- !u!4 &4572602299117608
Transform:
  m_CorrespondingSourceObject: {fileID: 0}
  m_PrefabInstance: {fileID: 100100000}
  m_PrefabAsset: {fileID: 0}
  m_GameObject: {fileID: 1948574944980867}
  m_LocalRotation: {x: -0.5036826, y: -0.05338685, z: 0.1067681, w: 0.8556017}
  m_LocalPosition: {x: 0, y: 0.0004910591, z: 3.818423E-10}
  m_LocalScale: {x: 0.9999999, y: 1, z: 0.9999999}
  m_Children: []
  m_Father: {fileID: 4389488161078249}
  m_RootOrder: 0
  m_LocalEulerAnglesHint: {x: -60.8583, y: -0.9281585, z: -13.68083}
--- !u!1 &1764262579382252
GameObject:
  m_CorrespondingSourceObject: {fileID: 0}
  m_PrefabInstance: {fileID: 100100000}
  m_PrefabAsset: {fileID: 0}
  serializedVersion: 5
  m_Component:
  - component: {fileID: 4186783615776439}
  m_Layer: 0
  m_Name: Shoulder.r.020
  m_TagString: Untagged
  m_Icon: {fileID: 0}
  m_NavMeshLayer: 0
  m_StaticEditorFlags: 0
  m_IsActive: 1
--- !u!4 &4186783615776439
Transform:
  m_CorrespondingSourceObject: {fileID: 0}
  m_PrefabInstance: {fileID: 100100000}
  m_PrefabAsset: {fileID: 0}
  m_GameObject: {fileID: 1764262579382252}
  m_LocalRotation: {x: -0.4522203, y: 0.07935663, z: -0.0424143, w: 0.8873558}
  m_LocalPosition: {x: -0.0007607949, y: 0.002531373, z: 2.211891E-10}
  m_LocalScale: {x: 1, y: 1, z: 1}
  m_Children:
  - {fileID: 4088771424092873}
  m_Father: {fileID: 4294374392056817}
  m_RootOrder: 4
  m_LocalEulerAnglesHint: {x: -54.44673, y: -5.881648, z: 8.500886}
--- !u!1 &1597139905322579
GameObject:
  m_CorrespondingSourceObject: {fileID: 0}
  m_PrefabInstance: {fileID: 100100000}
  m_PrefabAsset: {fileID: 0}
  serializedVersion: 5
  m_Component:
  - component: {fileID: 4088771424092873}
  m_Layer: 0
  m_Name: Shoulder.r.021
  m_TagString: Untagged
  m_Icon: {fileID: 0}
  m_NavMeshLayer: 0
  m_StaticEditorFlags: 0
  m_IsActive: 1
--- !u!4 &4088771424092873
Transform:
  m_CorrespondingSourceObject: {fileID: 0}
  m_PrefabInstance: {fileID: 100100000}
  m_PrefabAsset: {fileID: 0}
  m_GameObject: {fileID: 1597139905322579}
  m_LocalRotation: {x: -0.591261, y: -0.08531282, z: -0.2851902, w: 0.7495325}
  m_LocalPosition: {x: 2.235174E-10, y: 0.0004564771, z: -3.72529E-11}
  m_LocalScale: {x: 1, y: 1, z: 1}
  m_Children:
  - {fileID: 4757528948317907}
  m_Father: {fileID: 4186783615776439}
  m_RootOrder: 0
  m_LocalEulerAnglesHint: {x: -71.13287, y: 27.71883, z: 21.65259}
--- !u!1 &1318247979403368
GameObject:
  m_CorrespondingSourceObject: {fileID: 0}
  m_PrefabInstance: {fileID: 100100000}
  m_PrefabAsset: {fileID: 0}
  serializedVersion: 5
  m_Component:
  - component: {fileID: 4757528948317907}
  m_Layer: 0
  m_Name: Shoulder.r.022
  m_TagString: Untagged
  m_Icon: {fileID: 0}
  m_NavMeshLayer: 0
  m_StaticEditorFlags: 0
  m_IsActive: 1
--- !u!4 &4757528948317907
Transform:
  m_CorrespondingSourceObject: {fileID: 0}
  m_PrefabInstance: {fileID: 100100000}
  m_PrefabAsset: {fileID: 0}
  m_GameObject: {fileID: 1318247979403368}
  m_LocalRotation: {x: -0.1910101, y: -0.05023075, z: 0.1067896, w: 0.9744681}
  m_LocalPosition: {x: -3.72529E-10, y: 0.0003964083, z: 3.911555E-10}
  m_LocalScale: {x: 1, y: 1, z: 1}
  m_Children: []
  m_Father: {fileID: 4088771424092873}
  m_RootOrder: 0
  m_LocalEulerAnglesHint: {x: -22.55813, y: 3.273413, z: -13.16091}
--- !u!1 &1508558942516435
GameObject:
  m_CorrespondingSourceObject: {fileID: 0}
  m_PrefabInstance: {fileID: 100100000}
  m_PrefabAsset: {fileID: 0}
  serializedVersion: 5
  m_Component:
  - component: {fileID: 4043533517166373}
  m_Layer: 0
  m_Name: Thumb1.r
  m_TagString: Untagged
  m_Icon: {fileID: 0}
  m_NavMeshLayer: 0
  m_StaticEditorFlags: 0
  m_IsActive: 1
--- !u!4 &4043533517166373
Transform:
  m_CorrespondingSourceObject: {fileID: 0}
  m_PrefabInstance: {fileID: 100100000}
  m_PrefabAsset: {fileID: 0}
  m_GameObject: {fileID: 1508558942516435}
  m_LocalRotation: {x: -0.1344966, y: 0.07738953, z: -0.4780616, w: 0.8645107}
  m_LocalPosition: {x: 4.322648E-05, y: 0.0008847126, z: 2.468005E-10}
  m_LocalScale: {x: 1, y: 1, z: 1}
  m_Children:
  - {fileID: 4156793216874293}
  m_Father: {fileID: 4294374392056817}
  m_RootOrder: 5
  m_LocalEulerAnglesHint: {x: -17.85118, y: -0.2986732, z: 57.93079}
--- !u!1 &1963055363157840
GameObject:
  m_CorrespondingSourceObject: {fileID: 0}
  m_PrefabInstance: {fileID: 100100000}
  m_PrefabAsset: {fileID: 0}
  serializedVersion: 5
  m_Component:
  - component: {fileID: 4156793216874293}
  m_Layer: 0
  m_Name: Thumb2.r
  m_TagString: Untagged
  m_Icon: {fileID: 0}
  m_NavMeshLayer: 0
  m_StaticEditorFlags: 0
  m_IsActive: 1
--- !u!4 &4156793216874293
Transform:
  m_CorrespondingSourceObject: {fileID: 0}
  m_PrefabInstance: {fileID: 100100000}
  m_PrefabAsset: {fileID: 0}
  m_GameObject: {fileID: 1963055363157840}
  m_LocalRotation: {x: -0.1377982, y: 0.09233592, z: 0.1216037, w: 0.9786206}
  m_LocalPosition: {x: 6.239861E-10, y: 0.0007615145, z: 1.071021E-10}
  m_LocalScale: {x: 0.9999999, y: 0.9999999, z: 0.9999999}
  m_Children:
  - {fileID: 4865116149632068}
  m_Father: {fileID: 4043533517166373}
  m_RootOrder: 0
  m_LocalEulerAnglesHint: {x: -14.66249, y: -12.37078, z: -12.56886}
--- !u!1 &1730004583432759
GameObject:
  m_CorrespondingSourceObject: {fileID: 0}
  m_PrefabInstance: {fileID: 100100000}
  m_PrefabAsset: {fileID: 0}
  serializedVersion: 5
  m_Component:
  - component: {fileID: 4865116149632068}
  m_Layer: 0
  m_Name: Thumb3.r
  m_TagString: Untagged
  m_Icon: {fileID: 0}
  m_NavMeshLayer: 0
  m_StaticEditorFlags: 0
  m_IsActive: 1
--- !u!4 &4865116149632068
Transform:
  m_CorrespondingSourceObject: {fileID: 0}
  m_PrefabInstance: {fileID: 100100000}
  m_PrefabAsset: {fileID: 0}
  m_GameObject: {fileID: 1730004583432759}
  m_LocalRotation: {x: -0.0784799, y: 0.09955601, z: -0.006446096, w: 0.9919113}
  m_LocalPosition: {x: 5.029142E-10, y: 0.0005714236, z: -5.960464E-10}
  m_LocalScale: {x: 1, y: 0.9999999, z: 0.9999999}
  m_Children: []
  m_Father: {fileID: 4156793216874293}
  m_RootOrder: 0
  m_LocalEulerAnglesHint: {x: -9.212386, y: -11.33176, z: 1.660614}
--- !u!1 &1696042713366158
GameObject:
  m_CorrespondingSourceObject: {fileID: 0}
  m_PrefabInstance: {fileID: 100100000}
  m_PrefabAsset: {fileID: 0}
  serializedVersion: 5
  m_Component:
  - component: {fileID: 4487463235379487}
  m_Layer: 0
  m_Name: UpperLeg.l
  m_TagString: Untagged
  m_Icon: {fileID: 0}
  m_NavMeshLayer: 0
  m_StaticEditorFlags: 0
  m_IsActive: 1
--- !u!4 &4487463235379487
Transform:
  m_CorrespondingSourceObject: {fileID: 0}
  m_PrefabInstance: {fileID: 100100000}
  m_PrefabAsset: {fileID: 0}
  m_GameObject: {fileID: 1696042713366158}
  m_LocalRotation: {x: 0.9998224, y: 0.006520383, z: 0.006476317, w: -0.01645597}
  m_LocalPosition: {x: 0.001694676, y: 0.0009142853, z: -0.0007026955}
  m_LocalScale: {x: 1.000003, y: 1, z: 1.000022}
  m_Children:
  - {fileID: 4935360332179065}
  m_Father: {fileID: 4869882444422063}
  m_RootOrder: 1
  m_LocalEulerAnglesHint: {x: -178.119, y: 0.7543167, z: -0.7349194}
--- !u!1 &1969131004553014
GameObject:
  m_CorrespondingSourceObject: {fileID: 0}
  m_PrefabInstance: {fileID: 100100000}
  m_PrefabAsset: {fileID: 0}
  serializedVersion: 5
  m_Component:
  - component: {fileID: 4935360332179065}
  m_Layer: 0
  m_Name: LowerLeg.l
  m_TagString: Untagged
  m_Icon: {fileID: 0}
  m_NavMeshLayer: 0
  m_StaticEditorFlags: 0
  m_IsActive: 1
--- !u!4 &4935360332179065
Transform:
  m_CorrespondingSourceObject: {fileID: 0}
  m_PrefabInstance: {fileID: 100100000}
  m_PrefabAsset: {fileID: 0}
  m_GameObject: {fileID: 1969131004553014}
  m_LocalRotation: {x: -0.1974939, y: -0.007501152, z: 0.004985814, w: 0.9802628}
  m_LocalPosition: {x: 1.29221E-10, y: 0.002396574, z: 6.810296E-11}
  m_LocalScale: {x: 1, y: 1, z: 1}
  m_Children:
  - {fileID: 4684140712722408}
  m_Father: {fileID: 4487463235379487}
  m_RootOrder: 0
  m_LocalEulerAnglesHint: {x: -22.78648, y: 0.7297882, z: -0.7298942}
--- !u!1 &1427990682931426
GameObject:
  m_CorrespondingSourceObject: {fileID: 0}
  m_PrefabInstance: {fileID: 100100000}
  m_PrefabAsset: {fileID: 0}
  serializedVersion: 5
  m_Component:
  - component: {fileID: 4684140712722408}
  m_Layer: 0
  m_Name: Foot.l
  m_TagString: Untagged
  m_Icon: {fileID: 0}
  m_NavMeshLayer: 0
  m_StaticEditorFlags: 0
  m_IsActive: 1
--- !u!4 &4684140712722408
Transform:
  m_CorrespondingSourceObject: {fileID: 0}
  m_PrefabInstance: {fileID: 100100000}
  m_PrefabAsset: {fileID: 0}
  m_GameObject: {fileID: 1427990682931426}
  m_LocalRotation: {x: 0.6959729, y: -8.709878E-08, z: 8.409523E-08, w: 0.7180681}
  m_LocalPosition: {x: -3.120033E-11, y: 0.003197785, z: -4.676849E-11}
  m_LocalScale: {x: 1, y: 1, z: 1}
  m_Children:
  - {fileID: 4924380746194016}
  m_Father: {fileID: 4935360332179065}
  m_RootOrder: 0
  m_LocalEulerAnglesHint: {x: 88.20959, y: 1.38737E-05, z: 2.661879E-08}
--- !u!1 &1709542081047224
GameObject:
  m_CorrespondingSourceObject: {fileID: 0}
  m_PrefabInstance: {fileID: 100100000}
  m_PrefabAsset: {fileID: 0}
  serializedVersion: 5
  m_Component:
  - component: {fileID: 4924380746194016}
  m_Layer: 0
  m_Name: Foot2.l
  m_TagString: Untagged
  m_Icon: {fileID: 0}
  m_NavMeshLayer: 0
  m_StaticEditorFlags: 0
  m_IsActive: 1
--- !u!4 &4924380746194016
Transform:
  m_CorrespondingSourceObject: {fileID: 0}
  m_PrefabInstance: {fileID: 100100000}
  m_PrefabAsset: {fileID: 0}
  m_GameObject: {fileID: 1709542081047224}
  m_LocalRotation: {x: 0.2239955, y: -1.548953E-14, z: 3.314168E-14, w: 0.9745902}
  m_LocalPosition: {x: -1.490116E-10, y: 0.001223726, z: -1.870148E-12}
  m_LocalScale: {x: 1, y: 1, z: 0.9999999}
  m_Children: []
  m_Father: {fileID: 4684140712722408}
  m_RootOrder: 0
  m_LocalEulerAnglesHint: {x: 25.88763, y: 2.580548E-12, z: -3.303671E-12}
--- !u!1 &1464185531315316
GameObject:
  m_CorrespondingSourceObject: {fileID: 0}
  m_PrefabInstance: {fileID: 100100000}
  m_PrefabAsset: {fileID: 0}
  serializedVersion: 5
  m_Component:
  - component: {fileID: 4465827876862367}
  m_Layer: 0
  m_Name: UpperLeg.r
  m_TagString: Untagged
  m_Icon: {fileID: 0}
  m_NavMeshLayer: 0
  m_StaticEditorFlags: 0
  m_IsActive: 1
--- !u!4 &4465827876862367
Transform:
  m_CorrespondingSourceObject: {fileID: 0}
  m_PrefabInstance: {fileID: 100100000}
  m_PrefabAsset: {fileID: 0}
  m_GameObject: {fileID: 1464185531315316}
  m_LocalRotation: {x: 0.9997407, y: -0.006558111, z: -0.006467054, w: -0.02082878}
  m_LocalPosition: {x: -0.001694676, y: 0.0009142853, z: -0.0007026955}
  m_LocalScale: {x: 1.000003, y: 1, z: 1.000022}
  m_Children:
  - {fileID: 4203041659232864}
  m_Father: {fileID: 4869882444422063}
  m_RootOrder: 2
  m_LocalEulerAnglesHint: {x: -177.6178, y: -0.7565525, z: 0.735958}
--- !u!1 &1525571072306044
GameObject:
  m_CorrespondingSourceObject: {fileID: 0}
  m_PrefabInstance: {fileID: 100100000}
  m_PrefabAsset: {fileID: 0}
  serializedVersion: 5
  m_Component:
  - component: {fileID: 4203041659232864}
  m_Layer: 0
  m_Name: LowerLeg.r
  m_TagString: Untagged
  m_Icon: {fileID: 0}
  m_NavMeshLayer: 0
  m_StaticEditorFlags: 0
  m_IsActive: 1
--- !u!4 &4203041659232864
Transform:
  m_CorrespondingSourceObject: {fileID: 0}
  m_PrefabInstance: {fileID: 100100000}
  m_PrefabAsset: {fileID: 0}
  m_GameObject: {fileID: 1525571072306044}
  m_LocalRotation: {x: -0.1974939, y: 0.007501152, z: -0.004985814, w: 0.9802628}
  m_LocalPosition: {x: -1.29221E-10, y: 0.002396574, z: 6.810296E-11}
  m_LocalScale: {x: 1, y: 1, z: 1}
  m_Children:
  - {fileID: 4745392896390887}
  m_Father: {fileID: 4465827876862367}
  m_RootOrder: 0
  m_LocalEulerAnglesHint: {x: -22.78648, y: -0.7297882, z: 0.7298942}
--- !u!1 &1618793996349887
GameObject:
  m_CorrespondingSourceObject: {fileID: 0}
  m_PrefabInstance: {fileID: 100100000}
  m_PrefabAsset: {fileID: 0}
  serializedVersion: 5
  m_Component:
  - component: {fileID: 4745392896390887}
  m_Layer: 0
  m_Name: Foot.r
  m_TagString: Untagged
  m_Icon: {fileID: 0}
  m_NavMeshLayer: 0
  m_StaticEditorFlags: 0
  m_IsActive: 1
--- !u!4 &4745392896390887
Transform:
  m_CorrespondingSourceObject: {fileID: 0}
  m_PrefabInstance: {fileID: 100100000}
  m_PrefabAsset: {fileID: 0}
  m_GameObject: {fileID: 1618793996349887}
  m_LocalRotation: {x: 0.6972576, y: 8.684834E-08, z: -8.4338E-08, w: 0.7168207}
  m_LocalPosition: {x: 3.120033E-11, y: 0.003197785, z: -4.676849E-11}
  m_LocalScale: {x: 1, y: 1, z: 1}
  m_Children:
  - {fileID: 4960213376607866}
  m_Father: {fileID: 4203041659232864}
  m_RootOrder: 0
  m_LocalEulerAnglesHint: {x: 88.41479, y: -1.387245E-05, z: -1.151051E-08}
--- !u!1 &1127102060117021
GameObject:
  m_CorrespondingSourceObject: {fileID: 0}
  m_PrefabInstance: {fileID: 100100000}
  m_PrefabAsset: {fileID: 0}
  serializedVersion: 5
  m_Component:
  - component: {fileID: 4960213376607866}
  m_Layer: 0
  m_Name: Foot2.r
  m_TagString: Untagged
  m_Icon: {fileID: 0}
  m_NavMeshLayer: 0
  m_StaticEditorFlags: 0
  m_IsActive: 1
--- !u!4 &4960213376607866
Transform:
  m_CorrespondingSourceObject: {fileID: 0}
  m_PrefabInstance: {fileID: 100100000}
  m_PrefabAsset: {fileID: 0}
  m_GameObject: {fileID: 1127102060117021}
  m_LocalRotation: {x: 0.2239955, y: 1.548953E-14, z: -3.314168E-14, w: 0.9745902}
  m_LocalPosition: {x: 1.490116E-10, y: 0.001223726, z: -1.870148E-12}
  m_LocalScale: {x: 1, y: 1, z: 0.9999999}
  m_Children: []
  m_Father: {fileID: 4745392896390887}
  m_RootOrder: 0
  m_LocalEulerAnglesHint: {x: 25.88763, y: -2.580548E-12, z: 3.303671E-12}
--- !u!1 &1571844377891048
GameObject:
  m_CorrespondingSourceObject: {fileID: 0}
  m_PrefabInstance: {fileID: 100100000}
  m_PrefabAsset: {fileID: 0}
  serializedVersion: 5
  m_Component:
  - component: {fileID: 4407237645942747}
  - component: {fileID: 137685846622085569}
  m_Layer: 0
  m_Name: Haldor
  m_TagString: Untagged
  m_Icon: {fileID: 0}
  m_NavMeshLayer: 0
  m_StaticEditorFlags: 0
  m_IsActive: 1
--- !u!4 &4407237645942747
Transform:
  m_CorrespondingSourceObject: {fileID: 0}
  m_PrefabInstance: {fileID: 100100000}
  m_PrefabAsset: {fileID: 0}
  m_GameObject: {fileID: 1571844377891048}
  m_LocalRotation: {x: -0.7071067, y: -3.090862E-08, z: 3.090862E-08, w: 0.7071068}
  m_LocalPosition: {x: 0, y: 0, z: 0}
  m_LocalScale: {x: 8.472366, y: 8.472366, z: 8.472366}
  m_Children: []
  m_Father: {fileID: 4543178719844558}
  m_RootOrder: 1
  m_LocalEulerAnglesHint: {x: -89.99998, y: -1.535184E-13, z: -5.008956E-06}
--- !u!137 &137685846622085569
SkinnedMeshRenderer:
  m_CorrespondingSourceObject: {fileID: 0}
  m_PrefabInstance: {fileID: 100100000}
  m_PrefabAsset: {fileID: 0}
  m_GameObject: {fileID: 1571844377891048}
  m_Enabled: 1
  m_CastShadows: 1
  m_ReceiveShadows: 1
  m_DynamicOccludee: 1
  m_MotionVectors: 1
  m_LightProbeUsage: 1
  m_ReflectionProbeUsage: 1
  m_RayTracingMode: 0
  m_RenderingLayerMask: 1
  m_RendererPriority: 0
  m_Materials:
  - {fileID: 2100000, guid: 75d8e74aa98a6d74aa8604dcab7d13d7, type: 2}
  - {fileID: 2100000, guid: 75d8e74aa98a6d74aa8604dcab7d13d7, type: 2}
  - {fileID: 2100000, guid: 75d8e74aa98a6d74aa8604dcab7d13d7, type: 2}
  - {fileID: 2100000, guid: 75d8e74aa98a6d74aa8604dcab7d13d7, type: 2}
  m_StaticBatchInfo:
    firstSubMesh: 0
    subMeshCount: 0
  m_StaticBatchRoot: {fileID: 0}
  m_ProbeAnchor: {fileID: 0}
  m_LightProbeVolumeOverride: {fileID: 0}
  m_ScaleInLightmap: 1
  m_ReceiveGI: 1
  m_PreserveUVs: 0
  m_IgnoreNormalsForChartDetection: 0
  m_ImportantGI: 0
  m_StitchLightmapSeams: 0
  m_SelectedEditorRenderState: 3
  m_MinimumChartSize: 4
  m_AutoUVMaxDistance: 0.5
  m_AutoUVMaxAngle: 89
  m_LightmapParameters: {fileID: 0}
  m_SortingLayerID: 0
  m_SortingLayer: 0
  m_SortingOrder: 0
  serializedVersion: 2
  m_Quality: 0
  m_UpdateWhenOffscreen: 0
  m_skinnedMotionVectors: 1
  m_Mesh: {fileID: 4300000, guid: a418d6ce912174f46aa20fb6b782ccb1, type: 2}
  m_Bones:
  - {fileID: 4377053431200452}
  - {fileID: 4869882444422063}
  - {fileID: 4140773360806437}
  - {fileID: 4649634758657607}
  - {fileID: 4677965727469127}
  - {fileID: 4408793313007380}
  - {fileID: 4312867704525390}
  - {fileID: 4936745641200091}
  - {fileID: 4540691720703918}
  - {fileID: 4988405705730273}
  - {fileID: 4244275207511643}
  - {fileID: 4103679587438825}
  - {fileID: 4672303555662525}
  - {fileID: 4209250725588324}
  - {fileID: 4723518608166008}
  - {fileID: 4150235650849623}
  - {fileID: 4685029328795241}
  - {fileID: 4456978416026286}
  - {fileID: 4858600956560363}
  - {fileID: 4512089779259891}
  - {fileID: 4988101836250395}
  - {fileID: 4418799675583500}
  - {fileID: 4275994298558747}
  - {fileID: 4227230631131780}
  - {fileID: 4891585281530113}
  - {fileID: 4818013961486153}
  - {fileID: 4909103869530599}
  - {fileID: 4937501424118483}
  - {fileID: 4874803170005197}
  - {fileID: 4257543702828609}
  - {fileID: 4394050522956715}
  - {fileID: 4638978259309530}
  - {fileID: 4854067986957444}
  - {fileID: 4112514959105514}
  - {fileID: 4066783463865473}
  - {fileID: 4294374392056817}
  - {fileID: 4043533517166373}
  - {fileID: 4156793216874293}
  - {fileID: 4865116149632068}
  - {fileID: 4453913716800207}
  - {fileID: 4258114465354511}
  - {fileID: 4022174190816922}
  - {fileID: 4925664302776976}
  - {fileID: 4606967477710726}
  - {fileID: 4392467023969011}
  - {fileID: 4812986444463524}
  - {fileID: 4389488161078249}
  - {fileID: 4572602299117608}
  - {fileID: 4186783615776439}
  - {fileID: 4088771424092873}
  - {fileID: 4757528948317907}
  - {fileID: 4753898946869015}
  - {fileID: 4487463235379487}
  - {fileID: 4935360332179065}
  - {fileID: 4684140712722408}
  - {fileID: 4924380746194016}
  - {fileID: 4465827876862367}
  - {fileID: 4203041659232864}
  - {fileID: 4745392896390887}
  - {fileID: 4960213376607866}
  m_BlendShapeWeights: []
  m_RootBone: {fileID: 4377053431200452}
  m_AABB:
    m_Center: {x: 0.000135168, y: 0.007353026, z: 0.000108802}
    m_Extent: {x: 0.00734718, y: 0.01007837, z: 0.005595551}
  m_DirtyAABB: 0
--- !u!1 &1129396320729204
GameObject:
  m_CorrespondingSourceObject: {fileID: 0}
  m_PrefabInstance: {fileID: 100100000}
  m_PrefabAsset: {fileID: 0}
  serializedVersion: 5
  m_Component:
  - component: {fileID: 4932270770011846}
  - component: {fileID: 137567255724569800}
  m_Layer: 0
  m_Name: Pipe
  m_TagString: Untagged
  m_Icon: {fileID: 0}
  m_NavMeshLayer: 0
  m_StaticEditorFlags: 0
  m_IsActive: 1
--- !u!4 &4932270770011846
Transform:
  m_CorrespondingSourceObject: {fileID: 0}
  m_PrefabInstance: {fileID: 100100000}
  m_PrefabAsset: {fileID: 0}
  m_GameObject: {fileID: 1129396320729204}
  m_LocalRotation: {x: -0.0002544954, y: 0.7604026, z: -0.6493697, w: -0.01033803}
  m_LocalPosition: {x: -0.5108595, y: 0.6223034, z: 0.00761657}
  m_LocalScale: {x: 3.122977, y: 3.122977, z: 3.122977}
  m_Children: []
  m_Father: {fileID: 4543178719844558}
  m_RootOrder: 2
  m_LocalEulerAnglesHint: {x: -99.00057, y: 0.9197888, z: -179.2528}
--- !u!137 &137567255724569800
SkinnedMeshRenderer:
  m_CorrespondingSourceObject: {fileID: 0}
  m_PrefabInstance: {fileID: 100100000}
  m_PrefabAsset: {fileID: 0}
  m_GameObject: {fileID: 1129396320729204}
  m_Enabled: 1
  m_CastShadows: 1
  m_ReceiveShadows: 1
  m_DynamicOccludee: 1
  m_MotionVectors: 1
  m_LightProbeUsage: 1
  m_ReflectionProbeUsage: 1
  m_RayTracingMode: 0
  m_RenderingLayerMask: 1
  m_RendererPriority: 0
  m_Materials:
  - {fileID: 2100000, guid: 75d8e74aa98a6d74aa8604dcab7d13d7, type: 2}
  m_StaticBatchInfo:
    firstSubMesh: 0
    subMeshCount: 0
  m_StaticBatchRoot: {fileID: 0}
  m_ProbeAnchor: {fileID: 0}
  m_LightProbeVolumeOverride: {fileID: 0}
  m_ScaleInLightmap: 1
  m_ReceiveGI: 1
  m_PreserveUVs: 0
  m_IgnoreNormalsForChartDetection: 0
  m_ImportantGI: 0
  m_StitchLightmapSeams: 0
  m_SelectedEditorRenderState: 3
  m_MinimumChartSize: 4
  m_AutoUVMaxDistance: 0.5
  m_AutoUVMaxAngle: 89
  m_LightmapParameters: {fileID: 0}
  m_SortingLayerID: 0
  m_SortingLayer: 0
  m_SortingOrder: 0
  serializedVersion: 2
  m_Quality: 0
  m_UpdateWhenOffscreen: 0
  m_skinnedMotionVectors: 1
  m_Mesh: {fileID: 4300000, guid: e5268c0850f314d4a9584c57f2e1e0a0, type: 2}
  m_Bones:
  - {fileID: 4377053431200452}
  - {fileID: 4869882444422063}
  - {fileID: 4140773360806437}
  - {fileID: 4649634758657607}
  - {fileID: 4677965727469127}
  - {fileID: 4408793313007380}
  - {fileID: 4312867704525390}
  - {fileID: 4936745641200091}
  - {fileID: 4540691720703918}
  - {fileID: 4988405705730273}
  - {fileID: 4244275207511643}
  - {fileID: 4103679587438825}
  - {fileID: 4672303555662525}
  - {fileID: 4209250725588324}
  - {fileID: 4723518608166008}
  - {fileID: 4150235650849623}
  - {fileID: 4685029328795241}
  - {fileID: 4456978416026286}
  - {fileID: 4858600956560363}
  - {fileID: 4512089779259891}
  - {fileID: 4988101836250395}
  - {fileID: 4418799675583500}
  - {fileID: 4275994298558747}
  - {fileID: 4227230631131780}
  - {fileID: 4891585281530113}
  - {fileID: 4818013961486153}
  - {fileID: 4909103869530599}
  - {fileID: 4937501424118483}
  - {fileID: 4874803170005197}
  - {fileID: 4257543702828609}
  - {fileID: 4394050522956715}
  - {fileID: 4638978259309530}
  - {fileID: 4854067986957444}
  - {fileID: 4112514959105514}
  - {fileID: 4066783463865473}
  - {fileID: 4294374392056817}
  - {fileID: 4043533517166373}
  - {fileID: 4156793216874293}
  - {fileID: 4865116149632068}
  - {fileID: 4453913716800207}
  - {fileID: 4258114465354511}
  - {fileID: 4022174190816922}
  - {fileID: 4925664302776976}
  - {fileID: 4606967477710726}
  - {fileID: 4392467023969011}
  - {fileID: 4812986444463524}
  - {fileID: 4389488161078249}
  - {fileID: 4572602299117608}
  - {fileID: 4186783615776439}
  - {fileID: 4088771424092873}
  - {fileID: 4757528948317907}
  - {fileID: 4753898946869015}
  - {fileID: 4487463235379487}
  - {fileID: 4935360332179065}
  - {fileID: 4684140712722408}
  - {fileID: 4924380746194016}
  - {fileID: 4465827876862367}
  - {fileID: 4203041659232864}
  - {fileID: 4745392896390887}
  - {fileID: 4960213376607866}
  m_BlendShapeWeights: []
  m_RootBone: {fileID: 4377053431200452}
  m_AABB:
    m_Center: {x: -0.00259891, y: 0.01160626, z: -0.002448874}
    m_Extent: {x: 0.001314757, y: 0.001326384, z: 0.002513791}
  m_DirtyAABB: 0
