%YAML 1.1
%TAG !u! tag:unity3d.com,2011:
--- !u!1001 &100100000
PrefabInstance:
  serializedVersion: 2
  m_RootGameObject: {fileID: 1372776661961959}
  m_Modification:
    m_TransformParent: {fileID: 0}
    m_Modifications: []
    m_RemovedComponents: []
  m_SourcePrefab: {fileID: 0}
--- !u!1 &1372776661961959
GameObject:
  m_CorrespondingSourceObject: {fileID: 0}
  m_PrefabInstance: {fileID: 100100000}
  m_PrefabAsset: {fileID: 0}
  serializedVersion: 5
  m_Component:
  - component: {fileID: 4208776947313474}
  - component: {fileID: 136650221260692244}
  - component: {fileID: 54905233787951889}
  - component: {fileID: 114060129308037794}
  - component: {fileID: 114736975639482753}
  - component: {fileID: 114529105552753729}
  - component: {fileID: 114654795803970500}
  - component: {fileID: 114251155030713808}
  - component: {fileID: 114858274567403424}
  m_Layer: 9
  m_Name: Hatchling
  m_TagString: Untagged
  m_Icon: {fileID: 0}
  m_NavMeshLayer: 0
  m_StaticEditorFlags: 0
  m_IsActive: 1
--- !u!4 &4208776947313474
Transform:
  m_CorrespondingSourceObject: {fileID: 0}
  m_PrefabInstance: {fileID: 100100000}
  m_PrefabAsset: {fileID: 0}
  m_GameObject: {fileID: 1372776661961959}
  m_LocalRotation: {x: 0, y: 0, z: 0, w: 1}
  m_LocalPosition: {x: 0, y: 50, z: 0}
  m_LocalScale: {x: 1, y: 1, z: 1}
  m_Children:
  - {fileID: 4921521402757942}
  - {fileID: 4799147959380584}
  - {fileID: 4942271107048718}
  m_Father: {fileID: 0}
  m_RootOrder: 0
  m_LocalEulerAnglesHint: {x: 0, y: 0, z: 0}
--- !u!136 &136650221260692244
CapsuleCollider:
  m_CorrespondingSourceObject: {fileID: 0}
  m_PrefabInstance: {fileID: 100100000}
  m_PrefabAsset: {fileID: 0}
  m_GameObject: {fileID: 1372776661961959}
  m_Material: {fileID: 13400000, guid: c9bbb846b6d478b4788dab4ce0911a93, type: 2}
  m_IsTrigger: 0
  m_Enabled: 1
  m_Radius: 0.5
  m_Height: 2.3
  m_Direction: 1
  m_Center: {x: 0, y: 1.18, z: 0.26}
--- !u!54 &54905233787951889
Rigidbody:
  m_CorrespondingSourceObject: {fileID: 0}
  m_PrefabInstance: {fileID: 100100000}
  m_PrefabAsset: {fileID: 0}
  m_GameObject: {fileID: 1372776661961959}
  serializedVersion: 2
  m_Mass: 15
  m_Drag: 0
  m_AngularDrag: 0.05
  m_UseGravity: 0
  m_IsKinematic: 0
  m_Interpolate: 0
  m_Constraints: 112
  m_CollisionDetection: 0
--- !u!114 &114060129308037794
MonoBehaviour:
  m_CorrespondingSourceObject: {fileID: 0}
  m_PrefabInstance: {fileID: 100100000}
  m_PrefabAsset: {fileID: 0}
  m_GameObject: {fileID: 1372776661961959}
  m_Enabled: 1
  m_EditorHideFlags: 0
  m_Script: {fileID: 11500000, guid: 882089d018a4e7046bfd1a06af0a7282, type: 3}
  m_Name:
  m_EditorClassIdentifier:
  m_name: $enemy_drake
  m_group:
  m_faction: 5
  m_boss: 0
  m_bossEvent:
  m_defeatSetGlobalKey:
  m_crouchSpeed: 2
  m_walkSpeed: 5
  m_speed: 3
  m_turnSpeed: 300
  m_runSpeed: 3
  m_runTurnSpeed: 300
  m_flySlowSpeed: 4
  m_flyFastSpeed: 12
  m_flyTurnSpeed: 100
  m_acceleration: 0.05
  m_jumpForce: 10
  m_jumpForceForward: 0
  m_jumpForceTiredFactor: 0.7
  m_airControl: 0.1
  m_canSwim: 0
  m_swimDepth: 2
  m_swimSpeed: 1
  m_swimTurnSpeed: 100
  m_swimAcceleration: 0.05
  m_groundTilt: 0
  m_flying: 1
  m_jumpStaminaUsage: 10
  m_eye: {fileID: 4799147959380584}
  m_hitEffects:
    m_effectPrefabs:
    - m_prefab: {fileID: 1058670960621852, guid: 206b67574263a22468b6df8ab8d65161, type: 2}
      m_enabled: 1
      m_variant: -1
      m_attach: 0
      m_inheritParentRotation: 0
      m_inheritParentScale: 0
      m_randomRotation: 0
      m_scale: 0
      m_childTransform:
    - m_prefab: {fileID: 1098969430903143, guid: 149eaffb513608d4d9416cea7fa27bbf, type: 2}
      m_enabled: 1
      m_variant: -1
      m_attach: 0
      m_inheritParentRotation: 0
      m_inheritParentScale: 0
      m_randomRotation: 0
      m_scale: 0
      m_childTransform:
  m_critHitEffects:
    m_effectPrefabs:
    - m_prefab: {fileID: 1193272494661830, guid: 9a5351ce2767fe740ba6bd7518a12ebc, type: 2}
      m_enabled: 1
      m_variant: -1
      m_attach: 0
      m_inheritParentRotation: 0
      m_inheritParentScale: 0
      m_randomRotation: 0
      m_scale: 0
      m_childTransform:
  m_backstabHitEffects:
    m_effectPrefabs:
    - m_prefab: {fileID: 1071539778213133, guid: 9cff6e4fdf7ba8044868a6c19080fb3d, type: 2}
      m_enabled: 1
      m_variant: -1
      m_attach: 0
      m_inheritParentRotation: 0
      m_inheritParentScale: 0
      m_randomRotation: 0
      m_scale: 0
      m_childTransform:
  m_deathEffects:
    m_effectPrefabs:
    - m_prefab: {fileID: 1742244579137795, guid: eaa31104e4319a849a587b85251410b7, type: 2}
      m_enabled: 1
      m_variant: -1
      m_attach: 0
      m_inheritParentRotation: 0
      m_inheritParentScale: 0
      m_randomRotation: 0
      m_scale: 0
      m_childTransform:
    - m_prefab: {fileID: 1285884165952110, guid: c23e0393cbe9af343a9d27d374bfb41b, type: 2}
      m_enabled: 1
      m_variant: -1
      m_attach: 0
      m_inheritParentRotation: 0
      m_inheritParentScale: 0
      m_randomRotation: 0
      m_scale: 0
      m_childTransform:
    - m_prefab: {fileID: 1885861374690062, guid: 9775d0a512cdc4f4bbc134a4cb2e1f38, type: 2}
      m_enabled: 1
      m_variant: -1
      m_attach: 0
      m_inheritParentRotation: 0
      m_inheritParentScale: 0
      m_randomRotation: 0
      m_scale: 0
      m_childTransform:
  m_waterEffects:
    m_effectPrefabs:
    - m_prefab: {fileID: 1155668354953235, guid: 96c1c5a0fbb2de34aa0d27a362a67bec, type: 2}
      m_enabled: 1
      m_variant: -1
      m_attach: 1
      m_inheritParentRotation: 0
      m_inheritParentScale: 0
      m_randomRotation: 0
      m_scale: 0
      m_childTransform:
  m_tarEffects:
    m_effectPrefabs: []
  m_slideEffects:
    m_effectPrefabs: []
  m_jumpEffects:
    m_effectPrefabs: []
  m_tolerateWater: 1
  m_tolerateFire: 0
  m_tolerateSmoke: 0
  m_tolerateTar: 0
  m_health: 100
  m_damageModifiers:
    m_blunt: 0
    m_slash: 0
    m_pierce: 0
    m_chop: 4
    m_pickaxe: 4
    m_fire: 2
    m_frost: 3
    m_lightning: 0
    m_poison: 0
    m_spirit: 3
  m_staggerWhenBlocked: 1
  m_staggerDamageFactor: 0
  m_equipStaminaDrain: 10
  m_blockStaminaDrain: 25
  m_defaultItems:
  - {fileID: 1353895341071895, guid: 3030fc66c8806db429552883d771f7e2, type: 2}
  m_randomWeapon: []
  m_randomArmor: []
  m_randomShield: []
  m_randomSets: []
  m_unarmedWeapon: {fileID: 0}
  m_pickupEffects:
    m_effectPrefabs: []
  m_dropEffects:
    m_effectPrefabs: []
  m_consumeItemEffects:
    m_effectPrefabs: []
  m_equipEffects:
    m_effectPrefabs: []
  m_perfectBlockEffect:
    m_effectPrefabs: []
--- !u!114 &114736975639482753
MonoBehaviour:
  m_CorrespondingSourceObject: {fileID: 0}
  m_PrefabInstance: {fileID: 100100000}
  m_PrefabAsset: {fileID: 0}
  m_GameObject: {fileID: 1372776661961959}
  m_Enabled: 1
  m_EditorHideFlags: 0
  m_Script: {fileID: 11500000, guid: 8d13d63090ca3f942b327ae131eec5a0, type: 3}
  m_Name:
  m_EditorClassIdentifier:
  m_persistent: 1
  m_distant: 0
  m_type: 0
  m_syncInitialScale: 0
--- !u!114 &114529105552753729
MonoBehaviour:
  m_CorrespondingSourceObject: {fileID: 0}
  m_PrefabInstance: {fileID: 100100000}
  m_PrefabAsset: {fileID: 0}
  m_GameObject: {fileID: 1372776661961959}
  m_Enabled: 1
  m_EditorHideFlags: 0
  m_Script: {fileID: 11500000, guid: 11e1576937b9e9341b3d0ceb138d6e14, type: 3}
  m_Name:
  m_EditorClassIdentifier:
  m_syncPosition: 1
  m_syncRotation: 1
  m_syncScale: 0
  m_syncBodyVelocity: 0
  m_characterParentSync: 0
--- !u!114 &114654795803970500
MonoBehaviour:
  m_CorrespondingSourceObject: {fileID: 0}
  m_PrefabInstance: {fileID: 100100000}
  m_PrefabAsset: {fileID: 0}
  m_GameObject: {fileID: 1372776661961959}
  m_Enabled: 1
  m_EditorHideFlags: 0
  m_Script: {fileID: 11500000, guid: a802ec82669cda048b5675bd0f37c1c5, type: 3}
  m_Name:
  m_EditorClassIdentifier:
  m_syncBools:
  - alert
  - inWater
  - flying
  m_syncFloats:
  - forward_speed
  - sideway_speed
  - turn_speed
  m_syncInts: []
  m_smoothCharacterSpeeds: 1
--- !u!114 &114251155030713808
MonoBehaviour:
  m_CorrespondingSourceObject: {fileID: 0}
  m_PrefabInstance: {fileID: 100100000}
  m_PrefabAsset: {fileID: 0}
  m_GameObject: {fileID: 1372776661961959}
  m_Enabled: 1
  m_EditorHideFlags: 0
  m_Script: {fileID: 11500000, guid: 6612aa602f2d46b46aacb62f7b3946b5, type: 3}
  m_Name:
  m_EditorClassIdentifier:
  m_viewRange: 40
  m_viewAngle: 90
  m_hearRange: 9999
  m_alertedEffects:
    m_effectPrefabs:
    - m_prefab: {fileID: 1040180342116738, guid: 60c43f1287fc5394e96f8cb5435d8fc1, type: 2}
      m_enabled: 1
      m_variant: -1
      m_attach: 0
      m_inheritParentRotation: 0
      m_inheritParentScale: 0
      m_randomRotation: 0
      m_scale: 0
      m_childTransform:
  m_idleSound:
    m_effectPrefabs:
    - m_prefab: {fileID: 1473521333239446, guid: d91c926b6dd9cb74c95b14e3e40d335f, type: 2}
      m_enabled: 1
      m_variant: -1
      m_attach: 0
      m_inheritParentRotation: 0
      m_inheritParentScale: 0
      m_randomRotation: 0
      m_scale: 0
      m_childTransform:
  m_idleSoundInterval: 15
  m_idleSoundChance: 0.5
  m_pathAgentType: 1
  m_moveMinAngle: 80
  m_smoothMovement: 1
  m_serpentMovement: 0
  m_serpentTurnRadius: 20
  m_jumpInterval: 0
  m_randomCircleInterval: 5
  m_randomMoveInterval: 20
  m_randomMoveRange: 20
  m_randomFly: 0
  m_chanceToTakeoff: 1
  m_chanceToLand: 1
  m_groundDuration: 10
  m_airDuration: 10
  m_maxLandAltitude: 4
  m_flyAltitudeMin: 3
  m_flyAltitudeMax: 10
  m_takeoffTime: 5
  m_avoidFire: 0
  m_afraidOfFire: 0
  m_avoidWater: 1
  m_spawnMessage:
  m_deathMessage:
  m_alertRange: 30
  m_fleeIfHurtWhenTargetCantBeReached: 1
  m_fleeIfNotAlerted: 0
  m_fleeIfLowHealth: 0
  m_circulateWhileCharging: 1
  m_circulateWhileChargingFlying: 1
  m_enableHuntPlayer: 0
  m_attackPlayerObjects: 1
  m_interceptTimeMax: 0
  m_interceptTimeMin: 0
  m_maxChaseDistance: 200
  m_minAttackInterval: 0
  m_circleTargetInterval: 0
  m_circleTargetDuration: 5
  m_circleTargetDistance: 10
  m_sleeping: 0
  m_noiseWakeup: 0
  m_noiseRangeScale: 1
  m_wakeupRange: 5
  m_wakeupEffects:
    m_effectPrefabs: []
  m_avoidLand: 0
  m_consumeItems: []
  m_consumeRange: 2
  m_consumeSearchRange: 5
  m_consumeSearchInterval: 10
--- !u!114 &114858274567403424
MonoBehaviour:
  m_CorrespondingSourceObject: {fileID: 0}
  m_PrefabInstance: {fileID: 100100000}
  m_PrefabAsset: {fileID: 0}
  m_GameObject: {fileID: 1372776661961959}
  m_Enabled: 1
  m_EditorHideFlags: 0
  m_Script: {fileID: 11500000, guid: 41abc9bfa4428a548aa6aa189c08e211, type: 3}
  m_Name:
  m_EditorClassIdentifier:
  m_spawnOffset: {x: 0, y: 0, z: 0}
  m_drops:
  - m_prefab: {fileID: 1734616832163912, guid: 1222effbe88c76a48b090009e41c294c, type: 2}
    m_amountMin: 1
    m_amountMax: 1
    m_chance: 0.1
    m_onePerPlayer: 0
    m_levelMultiplier: 0
  - m_prefab: {fileID: 1044169831405683, guid: 11c8bd196d32a494ca4a41440730f212, type: 2}
    m_amountMin: 1
    m_amountMax: 2
    m_chance: 1
    m_onePerPlayer: 0
    m_levelMultiplier: 1
--- !u!1 &1016164754497667
GameObject:
  m_CorrespondingSourceObject: {fileID: 0}
  m_PrefabInstance: {fileID: 100100000}
  m_PrefabAsset: {fileID: 0}
  serializedVersion: 5
  m_Component:
  - component: {fileID: 4921521402757942}
  - component: {fileID: 136331886641927274}
  m_Layer: 27
  m_Name: Attack collider
  m_TagString: Untagged
  m_Icon: {fileID: 0}
  m_NavMeshLayer: 0
  m_StaticEditorFlags: 0
  m_IsActive: 1
--- !u!4 &4921521402757942
Transform:
  m_CorrespondingSourceObject: {fileID: 0}
  m_PrefabInstance: {fileID: 100100000}
  m_PrefabAsset: {fileID: 0}
  m_GameObject: {fileID: 1016164754497667}
  m_LocalRotation: {x: 0.5, y: 0.5, z: -0.5, w: 0.5}
  m_LocalPosition: {x: 0, y: 1.042999, z: 0}
  m_LocalScale: {x: 1, y: 1, z: 1}
  m_Children: []
  m_Father: {fileID: 4208776947313474}
  m_RootOrder: 0
  m_LocalEulerAnglesHint: {x: 90, y: -90, z: 0}
--- !u!136 &136331886641927274
CapsuleCollider:
  m_CorrespondingSourceObject: {fileID: 0}
  m_PrefabInstance: {fileID: 100100000}
  m_PrefabAsset: {fileID: 0}
  m_GameObject: {fileID: 1016164754497667}
  m_Material: {fileID: 0}
  m_IsTrigger: 0
  m_Enabled: 1
  m_Radius: 1.01
  m_Height: 4
  m_Direction: 1
  m_Center: {x: 0, y: 0, z: 0}
--- !u!1 &1078043951669811
GameObject:
  m_CorrespondingSourceObject: {fileID: 0}
  m_PrefabInstance: {fileID: 100100000}
  m_PrefabAsset: {fileID: 0}
  serializedVersion: 5
  m_Component:
  - component: {fileID: 4799147959380584}
  m_Layer: 9
  m_Name: EyePos
  m_TagString: Untagged
  m_Icon: {fileID: 0}
  m_NavMeshLayer: 0
  m_StaticEditorFlags: 0
  m_IsActive: 1
--- !u!4 &4799147959380584
Transform:
  m_CorrespondingSourceObject: {fileID: 0}
  m_PrefabInstance: {fileID: 100100000}
  m_PrefabAsset: {fileID: 0}
  m_GameObject: {fileID: 1078043951669811}
  m_LocalRotation: {x: 0, y: 0, z: 0, w: 1}
  m_LocalPosition: {x: 0, y: 2, z: 0}
  m_LocalScale: {x: 1, y: 1, z: 1}
  m_Children: []
  m_Father: {fileID: 4208776947313474}
  m_RootOrder: 1
  m_LocalEulerAnglesHint: {x: 0, y: 0, z: 0}
--- !u!1 &1721896363068024
GameObject:
  m_CorrespondingSourceObject: {fileID: 0}
  m_PrefabInstance: {fileID: 100100000}
  m_PrefabAsset: {fileID: 0}
  serializedVersion: 5
  m_Component:
  - component: {fileID: 4942271107048718}
  - component: {fileID: 205377736695195566}
  m_Layer: 9
  m_Name: Visual
  m_TagString: Untagged
  m_Icon: {fileID: 0}
  m_NavMeshLayer: 0
  m_StaticEditorFlags: 0
  m_IsActive: 1
--- !u!4 &4942271107048718
Transform:
  m_CorrespondingSourceObject: {fileID: 0}
  m_PrefabInstance: {fileID: 100100000}
  m_PrefabAsset: {fileID: 0}
  m_GameObject: {fileID: 1721896363068024}
  m_LocalRotation: {x: 0, y: 0, z: 0, w: 1}
  m_LocalPosition: {x: 0, y: -1.540001, z: 0}
  m_LocalScale: {x: 1, y: 1, z: 1}
  m_Children:
  - {fileID: 4117113837367715}
  m_Father: {fileID: 4208776947313474}
  m_RootOrder: 2
  m_LocalEulerAnglesHint: {x: 0, y: 0, z: 0}
--- !u!205 &205377736695195566
LODGroup:
  m_CorrespondingSourceObject: {fileID: 0}
  m_PrefabInstance: {fileID: 100100000}
  m_PrefabAsset: {fileID: 0}
  m_GameObject: {fileID: 1721896363068024}
  serializedVersion: 2
  m_LocalReferencePoint: {x: 0.06015038, y: 3.34491, z: -0.4868848}
  m_Size: 5.646159
  m_FadeMode: 1
  m_AnimateCrossFading: 1
  m_LastLODIsBillboard: 0
  m_LODs:
  - screenRelativeHeight: 0.07323178
    fadeTransitionWidth: 0
    renderers:
    - renderer: {fileID: 137343685137037083}
    - renderer: {fileID: 137759631670255872}
    - renderer: {fileID: 137313382565615108}
    - renderer: {fileID: 137904036010427680}
  m_Enabled: 1
--- !u!1 &1133118100253672
GameObject:
  m_CorrespondingSourceObject: {fileID: 0}
  m_PrefabInstance: {fileID: 100100000}
  m_PrefabAsset: {fileID: 0}
  serializedVersion: 5
  m_Component:
  - component: {fileID: 4117113837367715}
  - component: {fileID: 95106515958412089}
  - component: {fileID: 114538561379857918}
  - component: {fileID: 114119650681577291}
  m_Layer: 9
  m_Name: Hatchling_mountain
  m_TagString: Untagged
  m_Icon: {fileID: 0}
  m_NavMeshLayer: 0
  m_StaticEditorFlags: 0
  m_IsActive: 1
--- !u!4 &4117113837367715
Transform:
  m_CorrespondingSourceObject: {fileID: 0}
  m_PrefabInstance: {fileID: 100100000}
  m_PrefabAsset: {fileID: 0}
  m_GameObject: {fileID: 1133118100253672}
  m_LocalRotation: {x: 0, y: 1, z: 0, w: 0}
  m_LocalPosition: {x: 0, y: 0, z: 0}
  m_LocalScale: {x: 1, y: 1, z: 1}
  m_Children:
  - {fileID: 4675784645530411}
  - {fileID: 4018260878095793}
  - {fileID: 4224192476990452}
  - {fileID: 4390181763380452}
  - {fileID: 4454944067801315}
  m_Father: {fileID: 4942271107048718}
  m_RootOrder: 0
  m_LocalEulerAnglesHint: {x: 180, y: 0, z: -180}
--- !u!95 &95106515958412089
Animator:
  serializedVersion: 3
  m_CorrespondingSourceObject: {fileID: 0}
  m_PrefabInstance: {fileID: 100100000}
  m_PrefabAsset: {fileID: 0}
  m_GameObject: {fileID: 1133118100253672}
  m_Enabled: 1
  m_Avatar: {fileID: 9000000, guid: 4df44793756e67d4ba749744e8ac2595, type: 2}
  m_Controller: {fileID: 9100000, guid: 0bc76f3a8b3422043b3396e713701354, type: 2}
  m_CullingMode: 1
  m_UpdateMode: 0
  m_ApplyRootMotion: 0
  m_LinearVelocityBlending: 0
  m_WarningMessage:
  m_HasTransformHierarchy: 1
  m_AllowConstantClipSamplingOptimization: 1
  m_KeepAnimatorControllerStateOnDisable: 0
--- !u!114 &114538561379857918
MonoBehaviour:
  m_CorrespondingSourceObject: {fileID: 0}
  m_PrefabInstance: {fileID: 100100000}
  m_PrefabAsset: {fileID: 0}
  m_GameObject: {fileID: 1133118100253672}
  m_Enabled: 1
  m_EditorHideFlags: 0
  m_Script: {fileID: 11500000, guid: 58773ae7dd5617b4d80a3930a67b16e7, type: 3}
  m_Name:
  m_EditorClassIdentifier:
  m_effectRoot: {fileID: 0}
--- !u!114 &114119650681577291
MonoBehaviour:
  m_CorrespondingSourceObject: {fileID: 0}
  m_PrefabInstance: {fileID: 100100000}
  m_PrefabAsset: {fileID: 0}
  m_GameObject: {fileID: 1133118100253672}
  m_Enabled: 1
  m_EditorHideFlags: 0
  m_Script: {fileID: 11500000, guid: 3bab968587be1b644897e144a2984da4, type: 3}
  m_Name:
  m_EditorClassIdentifier:
  m_footIK: 0
  m_footDownMax: 0.4
  m_footOffset: 0.1
  m_footStepHeight: 1
  m_stabalizeDistance: 0
  m_useFeetValues: 0
  m_feets: []
  m_headRotation: 0
  m_eyes: []
  m_lookWeight: 0.5
  m_bodyLookWeight: 0.1
  m_headLookWeight: 1
  m_eyeLookWeight: 0
  m_lookClamp: 0.5
  m_lookAt: {fileID: 0}
  m_femaleHack: 0
  m_leftShoulder: {fileID: 0}
  m_rightShoulder: {fileID: 0}
  m_femaleOffset: 0.0004
  m_maleOffset: 0.0007651657
--- !u!1 &1619731391353927
GameObject:
  m_CorrespondingSourceObject: {fileID: 0}
  m_PrefabInstance: {fileID: 100100000}
  m_PrefabAsset: {fileID: 0}
  serializedVersion: 5
  m_Component:
  - component: {fileID: 4675784645530411}
  m_Layer: 9
  m_Name: Armature
  m_TagString: Untagged
  m_Icon: {fileID: 0}
  m_NavMeshLayer: 0
  m_StaticEditorFlags: 0
  m_IsActive: 1
--- !u!4 &4675784645530411
Transform:
  m_CorrespondingSourceObject: {fileID: 0}
  m_PrefabInstance: {fileID: 100100000}
  m_PrefabAsset: {fileID: 0}
  m_GameObject: {fileID: 1619731391353927}
  m_LocalRotation: {x: -0.7071068, y: 0, z: 0, w: 0.7071067}
  m_LocalPosition: {x: 0, y: 0, z: 1}
  m_LocalScale: {x: 100, y: 100, z: 100}
  m_Children:
  - {fileID: 4159298123882601}
  m_Father: {fileID: 4117113837367715}
  m_RootOrder: 0
  m_LocalEulerAnglesHint: {x: -90.00001, y: 0, z: 0}
--- !u!1 &1643887184314772
GameObject:
  m_CorrespondingSourceObject: {fileID: 0}
  m_PrefabInstance: {fileID: 100100000}
  m_PrefabAsset: {fileID: 0}
  serializedVersion: 5
  m_Component:
  - component: {fileID: 4159298123882601}
  m_Layer: 9
  m_Name: Root
  m_TagString: Untagged
  m_Icon: {fileID: 0}
  m_NavMeshLayer: 0
  m_StaticEditorFlags: 0
  m_IsActive: 1
--- !u!4 &4159298123882601
Transform:
  m_CorrespondingSourceObject: {fileID: 0}
  m_PrefabInstance: {fileID: 100100000}
  m_PrefabAsset: {fileID: 0}
  m_GameObject: {fileID: 1643887184314772}
  m_LocalRotation: {x: 0.5313547, y: 1.009881E-07, z: 6.334242E-08, w: 0.8471495}
  m_LocalPosition: {x: 0, y: 0, z: 0.003}
  m_LocalScale: {x: 1.000001, y: 1, z: 1.000001}
  m_Children:
  - {fileID: 4827919266722145}
  - {fileID: 4910309808112650}
  m_Father: {fileID: 4675784645530411}
  m_RootOrder: 0
  m_LocalEulerAnglesHint: {x: 64.19406, y: -5.946696E-06, z: -1.229808E-05}
--- !u!1 &1295938802307945
GameObject:
  m_CorrespondingSourceObject: {fileID: 0}
  m_PrefabInstance: {fileID: 100100000}
  m_PrefabAsset: {fileID: 0}
  serializedVersion: 5
  m_Component:
  - component: {fileID: 4827919266722145}
  m_Layer: 9
  m_Name: Spine1
  m_TagString: Untagged
  m_Icon: {fileID: 0}
  m_NavMeshLayer: 0
  m_StaticEditorFlags: 0
  m_IsActive: 1
--- !u!4 &4827919266722145
Transform:
  m_CorrespondingSourceObject: {fileID: 0}
  m_PrefabInstance: {fileID: 100100000}
  m_PrefabAsset: {fileID: 0}
  m_GameObject: {fileID: 1295938802307945}
  m_LocalRotation: {x: 0.257905, y: -1.151765E-07, z: 3.074468E-08, w: 0.9661703}
  m_LocalPosition: {x: 0, y: 0.02291119, z: 0}
  m_LocalScale: {x: 1.000001, y: 0.9999998, z: 1.000002}
  m_Children:
  - {fileID: 4592446458427017}
  m_Father: {fileID: 4159298123882601}
  m_RootOrder: 0
  m_LocalEulerAnglesHint: {x: 29.89157, y: 1.366038E-05, z: -7.600318E-13}
--- !u!1 &1954552770069858
GameObject:
  m_CorrespondingSourceObject: {fileID: 0}
  m_PrefabInstance: {fileID: 100100000}
  m_PrefabAsset: {fileID: 0}
  serializedVersion: 5
  m_Component:
  - component: {fileID: 4592446458427017}
  m_Layer: 9
  m_Name: Spine2
  m_TagString: Untagged
  m_Icon: {fileID: 0}
  m_NavMeshLayer: 0
  m_StaticEditorFlags: 0
  m_IsActive: 1
--- !u!4 &4592446458427017
Transform:
  m_CorrespondingSourceObject: {fileID: 0}
  m_PrefabInstance: {fileID: 100100000}
  m_PrefabAsset: {fileID: 0}
  m_GameObject: {fileID: 1954552770069858}
  m_LocalRotation: {x: -0.007749735, y: 3.576172E-06, z: -2.771543E-08, w: 0.99997}
  m_LocalPosition: {x: -3.705769E-24, y: 0.004489949, z: -5.960464E-10}
  m_LocalScale: {x: 1.000001, y: 1, z: 1.000003}
  m_Children:
  - {fileID: 4762747715531521}
  - {fileID: 4978293284332474}
  - {fileID: 4393681310378874}
  m_Father: {fileID: 4827919266722145}
  m_RootOrder: 0
  m_LocalEulerAnglesHint: {x: -0.8880631, y: -0.0004097622, z: 6.351693E-06}
--- !u!1 &1490215123862533
GameObject:
  m_CorrespondingSourceObject: {fileID: 0}
  m_PrefabInstance: {fileID: 100100000}
  m_PrefabAsset: {fileID: 0}
  serializedVersion: 5
  m_Component:
  - component: {fileID: 4762747715531521}
  m_Layer: 9
  m_Name: Neck1
  m_TagString: Untagged
  m_Icon: {fileID: 0}
  m_NavMeshLayer: 0
  m_StaticEditorFlags: 0
  m_IsActive: 1
--- !u!4 &4762747715531521
Transform:
  m_CorrespondingSourceObject: {fileID: 0}
  m_PrefabInstance: {fileID: 100100000}
  m_PrefabAsset: {fileID: 0}
  m_GameObject: {fileID: 1490215123862533}
  m_LocalRotation: {x: -0.1556814, y: -3.532675E-06, z: -5.567599E-07, w: 0.9878073}
  m_LocalPosition: {x: -6.814227E-15, y: 0.003373562, z: 5.960464E-10}
  m_LocalScale: {x: 1.000007, y: 1.000001, z: 1.000004}
  m_Children:
  - {fileID: 4131172388728892}
  m_Father: {fileID: 4592446458427017}
  m_RootOrder: 0
  m_LocalEulerAnglesHint: {x: -17.91263, y: 0.0004098114, z: -1.677638E-11}
--- !u!1 &1705889783443820
GameObject:
  m_CorrespondingSourceObject: {fileID: 0}
  m_PrefabInstance: {fileID: 100100000}
  m_PrefabAsset: {fileID: 0}
  serializedVersion: 5
  m_Component:
  - component: {fileID: 4131172388728892}
  m_Layer: 9
  m_Name: Neck2
  m_TagString: Untagged
  m_Icon: {fileID: 0}
  m_NavMeshLayer: 0
  m_StaticEditorFlags: 0
  m_IsActive: 1
--- !u!4 &4131172388728892
Transform:
  m_CorrespondingSourceObject: {fileID: 0}
  m_PrefabInstance: {fileID: 100100000}
  m_PrefabAsset: {fileID: 0}
  m_GameObject: {fileID: 1705889783443820}
  m_LocalRotation: {x: -0.1032264, y: -4.547473E-13, z: 0, w: 0.9946579}
  m_LocalPosition: {x: -1.53313E-21, y: 0.001926097, z: 5.960464E-10}
  m_LocalScale: {x: 1.000001, y: 0.9999989, z: 1.000003}
  m_Children:
  - {fileID: 4592625886569521}
  m_Father: {fileID: 4762747715531521}
  m_RootOrder: 0
  m_LocalEulerAnglesHint: {x: -11.84998, y: 5.183182E-11, z: -5.379148E-12}
--- !u!1 &1754016677023771
GameObject:
  m_CorrespondingSourceObject: {fileID: 0}
  m_PrefabInstance: {fileID: 100100000}
  m_PrefabAsset: {fileID: 0}
  serializedVersion: 5
  m_Component:
  - component: {fileID: 4592625886569521}
  m_Layer: 9
  m_Name: Neck3
  m_TagString: Untagged
  m_Icon: {fileID: 0}
  m_NavMeshLayer: 0
  m_StaticEditorFlags: 0
  m_IsActive: 1
--- !u!4 &4592625886569521
Transform:
  m_CorrespondingSourceObject: {fileID: 0}
  m_PrefabInstance: {fileID: 100100000}
  m_PrefabAsset: {fileID: 0}
  m_GameObject: {fileID: 1754016677023771}
  m_LocalRotation: {x: -0.1128354, y: 1.184479E-07, z: -1.345093E-08, w: 0.9936137}
  m_LocalPosition: {x: 2.752857E-22, y: 0.001809309, z: 1.41561E-09}
  m_LocalScale: {x: 1.000004, y: 0.9999982, z: 1.000006}
  m_Children:
  - {fileID: 4377892073997220}
  m_Father: {fileID: 4131172388728892}
  m_RootOrder: 0
  m_LocalEulerAnglesHint: {x: -12.95758, y: -1.331253E-05, z: 3.06305E-06}
--- !u!1 &1706866079065421
GameObject:
  m_CorrespondingSourceObject: {fileID: 0}
  m_PrefabInstance: {fileID: 100100000}
  m_PrefabAsset: {fileID: 0}
  serializedVersion: 5
  m_Component:
  - component: {fileID: 4377892073997220}
  m_Layer: 9
  m_Name: Head
  m_TagString: Untagged
  m_Icon: {fileID: 0}
  m_NavMeshLayer: 0
  m_StaticEditorFlags: 0
  m_IsActive: 1
--- !u!4 &4377892073997220
Transform:
  m_CorrespondingSourceObject: {fileID: 0}
  m_PrefabInstance: {fileID: 100100000}
  m_PrefabAsset: {fileID: 0}
  m_GameObject: {fileID: 1706866079065421}
  m_LocalRotation: {x: -0.1030683, y: -1.185743E-07, z: -1.228701E-08, w: 0.9946743}
  m_LocalPosition: {x: -6.39562E-16, y: 0.0009757846, z: -5.960464E-10}
  m_LocalScale: {x: 1.000002, y: 0.9999971, z: 1.000005}
  m_Children:
  - {fileID: 4989166925403229}
  m_Father: {fileID: 4592625886569521}
  m_RootOrder: 0
  m_LocalEulerAnglesHint: {x: -11.83176, y: 1.366037E-05, z: 3.788882E-11}
--- !u!1 &1726187192804204
GameObject:
  m_CorrespondingSourceObject: {fileID: 0}
  m_PrefabInstance: {fileID: 100100000}
  m_PrefabAsset: {fileID: 0}
  serializedVersion: 5
  m_Component:
  - component: {fileID: 4989166925403229}
  m_Layer: 9
  m_Name: Jaw
  m_TagString: Untagged
  m_Icon: {fileID: 0}
  m_NavMeshLayer: 0
  m_StaticEditorFlags: 0
  m_IsActive: 1
--- !u!4 &4989166925403229
Transform:
  m_CorrespondingSourceObject: {fileID: 0}
  m_PrefabInstance: {fileID: 100100000}
  m_PrefabAsset: {fileID: 0}
  m_GameObject: {fileID: 1726187192804204}
  m_LocalRotation: {x: -0.4916566, y: 3.091855E-10, z: 6.65584E-10, w: 0.8707892}
  m_LocalPosition: {x: -1.219727E-21, y: 0.0005284369, z: 2.980232E-10}
  m_LocalScale: {x: 1.000003, y: 0.9999896, z: 1.000012}
  m_Children:
  - {fileID: 4015570064276611}
  m_Father: {fileID: 4377892073997220}
  m_RootOrder: 0
  m_LocalEulerAnglesHint: {x: -58.89905, y: -6.835091E-08, z: -4.899594E-08}
--- !u!1 &1137379112836708
GameObject:
  m_CorrespondingSourceObject: {fileID: 0}
  m_PrefabInstance: {fileID: 100100000}
  m_PrefabAsset: {fileID: 0}
  serializedVersion: 5
  m_Component:
  - component: {fileID: 4015570064276611}
  m_Layer: 9
  m_Name: Jaw_end
  m_TagString: Untagged
  m_Icon: {fileID: 0}
  m_NavMeshLayer: 0
  m_StaticEditorFlags: 0
  m_IsActive: 1
--- !u!4 &4015570064276611
Transform:
  m_CorrespondingSourceObject: {fileID: 0}
  m_PrefabInstance: {fileID: 100100000}
  m_PrefabAsset: {fileID: 0}
  m_GameObject: {fileID: 1137379112836708}
  m_LocalRotation: {x: 0, y: 0, z: 0, w: 1}
  m_LocalPosition: {x: 0, y: 0.002373253, z: 0}
  m_LocalScale: {x: 1, y: 1, z: 1}
  m_Children: []
  m_Father: {fileID: 4989166925403229}
  m_RootOrder: 0
  m_LocalEulerAnglesHint: {x: 0, y: 0, z: 0}
--- !u!1 &1053960605145625
GameObject:
  m_CorrespondingSourceObject: {fileID: 0}
  m_PrefabInstance: {fileID: 100100000}
  m_PrefabAsset: {fileID: 0}
  serializedVersion: 5
  m_Component:
  - component: {fileID: 4978293284332474}
  m_Layer: 9
  m_Name: Shoulder.r
  m_TagString: Untagged
  m_Icon: {fileID: 0}
  m_NavMeshLayer: 0
  m_StaticEditorFlags: 0
  m_IsActive: 1
--- !u!4 &4978293284332474
Transform:
  m_CorrespondingSourceObject: {fileID: 0}
  m_PrefabInstance: {fileID: 100100000}
  m_PrefabAsset: {fileID: 0}
  m_GameObject: {fileID: 1053960605145625}
  m_LocalRotation: {x: -0.6437529, y: 0.3344332, z: 0.5046096, w: 0.4680875}
  m_LocalPosition: {x: -6.814227E-15, y: 0.003373562, z: 5.960464E-10}
  m_LocalScale: {x: 1.000004, y: 1.000004, z: 1.000003}
  m_Children:
  - {fileID: 4021340003956271}
  m_Father: {fileID: 4592446458427017}
  m_RootOrder: 1
  m_LocalEulerAnglesHint: {x: -101.2054, y: -74.31779, z: -8.899944}
--- !u!1 &1668603683884795
GameObject:
  m_CorrespondingSourceObject: {fileID: 0}
  m_PrefabInstance: {fileID: 100100000}
  m_PrefabAsset: {fileID: 0}
  serializedVersion: 5
  m_Component:
  - component: {fileID: 4021340003956271}
  m_Layer: 9
  m_Name: Uwing.r
  m_TagString: Untagged
  m_Icon: {fileID: 0}
  m_NavMeshLayer: 0
  m_StaticEditorFlags: 0
  m_IsActive: 1
--- !u!4 &4021340003956271
Transform:
  m_CorrespondingSourceObject: {fileID: 0}
  m_PrefabInstance: {fileID: 100100000}
  m_PrefabAsset: {fileID: 0}
  m_GameObject: {fileID: 1668603683884795}
  m_LocalRotation: {x: 0.09814115, y: 0.01420742, z: 0.1425661, w: 0.9848053}
  m_LocalPosition: {x: -4.842877E-10, y: 0.002189704, z: 1.043081E-09}
  m_LocalScale: {x: 0.9999999, y: 1.000002, z: 1.000003}
  m_Children:
  - {fileID: 4221605496641695}
  - {fileID: 4967986806386496}
  m_Father: {fileID: 4978293284332474}
  m_RootOrder: 0
  m_LocalEulerAnglesHint: {x: 11.38208, y: 6.93811E-06, z: -16.47449}
--- !u!1 &1834282122823791
GameObject:
  m_CorrespondingSourceObject: {fileID: 0}
  m_PrefabInstance: {fileID: 100100000}
  m_PrefabAsset: {fileID: 0}
  serializedVersion: 5
  m_Component:
  - component: {fileID: 4221605496641695}
  m_Layer: 9
  m_Name: Mwing.r
  m_TagString: Untagged
  m_Icon: {fileID: 0}
  m_NavMeshLayer: 0
  m_StaticEditorFlags: 0
  m_IsActive: 1
--- !u!4 &4221605496641695
Transform:
  m_CorrespondingSourceObject: {fileID: 0}
  m_PrefabInstance: {fileID: 100100000}
  m_PrefabAsset: {fileID: 0}
  m_GameObject: {fileID: 1834282122823791}
  m_LocalRotation: {x: -0.2521607, y: -3.166496E-08, z: 1.285225E-07, w: -0.9676854}
  m_LocalPosition: {x: -1.490116E-10, y: 0.003991273, z: -7.45058E-11}
  m_LocalScale: {x: 1, y: 0.9999987, z: 1.000001}
  m_Children:
  - {fileID: 4495451741967550}
  - {fileID: 4123800548883966}
  - {fileID: 4440028471641084}
  m_Father: {fileID: 4021340003956271}
  m_RootOrder: 0
  m_LocalEulerAnglesHint: {x: 29.21082, y: -7.225004E-06, z: 1.33367E-05}
--- !u!1 &1962447018077555
GameObject:
  m_CorrespondingSourceObject: {fileID: 0}
  m_PrefabInstance: {fileID: 100100000}
  m_PrefabAsset: {fileID: 0}
  serializedVersion: 5
  m_Component:
  - component: {fileID: 4495451741967550}
  m_Layer: 9
  m_Name: Lwing.r
  m_TagString: Untagged
  m_Icon: {fileID: 0}
  m_NavMeshLayer: 0
  m_StaticEditorFlags: 0
  m_IsActive: 1
--- !u!4 &4495451741967550
Transform:
  m_CorrespondingSourceObject: {fileID: 0}
  m_PrefabInstance: {fileID: 100100000}
  m_PrefabAsset: {fileID: 0}
  m_GameObject: {fileID: 1962447018077555}
  m_LocalRotation: {x: 0.3577775, y: 7.065294E-08, z: -7.280063E-08, w: -0.9338068}
  m_LocalPosition: {x: 1.387671E-09, y: 0.005882754, z: -7.45058E-10}
  m_LocalScale: {x: 1.000003, y: 1.000002, z: 1.000003}
  m_Children:
  - {fileID: 4817169176944509}
  m_Father: {fileID: 4221605496641695}
  m_RootOrder: 0
  m_LocalEulerAnglesHint: {x: -41.92753, y: 4.575616E-06, z: -1.068678E-05}
--- !u!1 &1516573012128942
GameObject:
  m_CorrespondingSourceObject: {fileID: 0}
  m_PrefabInstance: {fileID: 100100000}
  m_PrefabAsset: {fileID: 0}
  serializedVersion: 5
  m_Component:
  - component: {fileID: 4817169176944509}
  m_Layer: 9
  m_Name: Lwing.r_end
  m_TagString: Untagged
  m_Icon: {fileID: 0}
  m_NavMeshLayer: 0
  m_StaticEditorFlags: 0
  m_IsActive: 1
--- !u!4 &4817169176944509
Transform:
  m_CorrespondingSourceObject: {fileID: 0}
  m_PrefabInstance: {fileID: 100100000}
  m_PrefabAsset: {fileID: 0}
  m_GameObject: {fileID: 1516573012128942}
  m_LocalRotation: {x: 0, y: 0, z: 0, w: 1}
  m_LocalPosition: {x: 0, y: 0.0168833, z: 0}
  m_LocalScale: {x: 1, y: 1, z: 1}
  m_Children: []
  m_Father: {fileID: 4495451741967550}
  m_RootOrder: 0
  m_LocalEulerAnglesHint: {x: 0, y: 0, z: 0}
--- !u!1 &1219392005750816
GameObject:
  m_CorrespondingSourceObject: {fileID: 0}
  m_PrefabInstance: {fileID: 100100000}
  m_PrefabAsset: {fileID: 0}
  serializedVersion: 5
  m_Component:
  - component: {fileID: 4123800548883966}
  m_Layer: 9
  m_Name: Mwingfold.r
  m_TagString: Untagged
  m_Icon: {fileID: 0}
  m_NavMeshLayer: 0
  m_StaticEditorFlags: 0
  m_IsActive: 1
--- !u!4 &4123800548883966
Transform:
  m_CorrespondingSourceObject: {fileID: 0}
  m_PrefabInstance: {fileID: 100100000}
  m_PrefabAsset: {fileID: 0}
  m_GameObject: {fileID: 1219392005750816}
  m_LocalRotation: {x: 0.8033928, y: -2.43018E-07, z: 4.224476E-07, w: -0.5954494}
  m_LocalPosition: {x: 1.387671E-09, y: 0.005882754, z: -7.45058E-10}
  m_LocalScale: {x: 1.000001, y: 1.000003, z: 1.000001}
  m_Children:
  - {fileID: 4684050027011082}
  m_Father: {fileID: 4221605496641695}
  m_RootOrder: 1
  m_LocalEulerAnglesHint: {x: -106.9107, y: 2.230942E-05, z: 5.11978E-05}
--- !u!1 &1714778617266261
GameObject:
  m_CorrespondingSourceObject: {fileID: 0}
  m_PrefabInstance: {fileID: 100100000}
  m_PrefabAsset: {fileID: 0}
  serializedVersion: 5
  m_Component:
  - component: {fileID: 4684050027011082}
  m_Layer: 9
  m_Name: Mwingfold.r_end
  m_TagString: Untagged
  m_Icon: {fileID: 0}
  m_NavMeshLayer: 0
  m_StaticEditorFlags: 0
  m_IsActive: 1
--- !u!4 &4684050027011082
Transform:
  m_CorrespondingSourceObject: {fileID: 0}
  m_PrefabInstance: {fileID: 100100000}
  m_PrefabAsset: {fileID: 0}
  m_GameObject: {fileID: 1714778617266261}
  m_LocalRotation: {x: 0, y: 0, z: 0, w: 1}
  m_LocalPosition: {x: 0, y: 0.01812357, z: 0}
  m_LocalScale: {x: 1, y: 1, z: 1}
  m_Children: []
  m_Father: {fileID: 4123800548883966}
  m_RootOrder: 0
  m_LocalEulerAnglesHint: {x: 0, y: 0, z: 0}
--- !u!1 &1849909943817689
GameObject:
  m_CorrespondingSourceObject: {fileID: 0}
  m_PrefabInstance: {fileID: 100100000}
  m_PrefabAsset: {fileID: 0}
  serializedVersion: 5
  m_Component:
  - component: {fileID: 4440028471641084}
  m_Layer: 9
  m_Name: Lwingfold.r
  m_TagString: Untagged
  m_Icon: {fileID: 0}
  m_NavMeshLayer: 0
  m_StaticEditorFlags: 0
  m_IsActive: 1
--- !u!4 &4440028471641084
Transform:
  m_CorrespondingSourceObject: {fileID: 0}
  m_PrefabInstance: {fileID: 100100000}
  m_PrefabAsset: {fileID: 0}
  m_GameObject: {fileID: 1849909943817689}
  m_LocalRotation: {x: 0.6670085, y: -1.693162E-07, z: 1.835385E-07, w: -0.7450502}
  m_LocalPosition: {x: 1.387671E-09, y: 0.005882754, z: -7.45058E-10}
  m_LocalScale: {x: 1.000003, y: 1.000005, z: 1.000003}
  m_Children:
  - {fileID: 4300267025370252}
  m_Father: {fileID: 4221605496641695}
  m_RootOrder: 2
  m_LocalEulerAnglesHint: {x: -83.67319, y: -4.271219E-07, z: 2.861131E-05}
--- !u!1 &1201931635672386
GameObject:
  m_CorrespondingSourceObject: {fileID: 0}
  m_PrefabInstance: {fileID: 100100000}
  m_PrefabAsset: {fileID: 0}
  serializedVersion: 5
  m_Component:
  - component: {fileID: 4300267025370252}
  m_Layer: 9
  m_Name: Lwingfold.r_end
  m_TagString: Untagged
  m_Icon: {fileID: 0}
  m_NavMeshLayer: 0
  m_StaticEditorFlags: 0
  m_IsActive: 1
--- !u!4 &4300267025370252
Transform:
  m_CorrespondingSourceObject: {fileID: 0}
  m_PrefabInstance: {fileID: 100100000}
  m_PrefabAsset: {fileID: 0}
  m_GameObject: {fileID: 1201931635672386}
  m_LocalRotation: {x: 0, y: 0, z: 0, w: 1}
  m_LocalPosition: {x: 0, y: 0.01825126, z: 0}
  m_LocalScale: {x: 1, y: 1, z: 1}
  m_Children: []
  m_Father: {fileID: 4440028471641084}
  m_RootOrder: 0
  m_LocalEulerAnglesHint: {x: 0, y: 0, z: 0}
--- !u!1 &1756744192511550
GameObject:
  m_CorrespondingSourceObject: {fileID: 0}
  m_PrefabInstance: {fileID: 100100000}
  m_PrefabAsset: {fileID: 0}
  serializedVersion: 5
  m_Component:
  - component: {fileID: 4967986806386496}
  m_Layer: 9
  m_Name: Uwingfold.r
  m_TagString: Untagged
  m_Icon: {fileID: 0}
  m_NavMeshLayer: 0
  m_StaticEditorFlags: 0
  m_IsActive: 1
--- !u!4 &4967986806386496
Transform:
  m_CorrespondingSourceObject: {fileID: 0}
  m_PrefabInstance: {fileID: 100100000}
  m_PrefabAsset: {fileID: 0}
  m_GameObject: {fileID: 1756744192511550}
  m_LocalRotation: {x: -5.345792E-07, y: 0.7308745, z: -0.682512, w: 5.569309E-07}
  m_LocalPosition: {x: -1.490116E-10, y: 0.003991273, z: -7.45058E-11}
  m_LocalScale: {x: 1.000004, y: 1.000003, z: 1.000002}
  m_Children:
  - {fileID: 4074148041662926}
  m_Father: {fileID: 4021340003956271}
  m_RootOrder: 1
  m_LocalEulerAnglesHint: {x: -93.9195, y: -4.834606E-06, z: 179.9999}
--- !u!1 &1768844754918124
GameObject:
  m_CorrespondingSourceObject: {fileID: 0}
  m_PrefabInstance: {fileID: 100100000}
  m_PrefabAsset: {fileID: 0}
  serializedVersion: 5
  m_Component:
  - component: {fileID: 4074148041662926}
  m_Layer: 9
  m_Name: Uwingfold.r_end
  m_TagString: Untagged
  m_Icon: {fileID: 0}
  m_NavMeshLayer: 0
  m_StaticEditorFlags: 0
  m_IsActive: 1
--- !u!4 &4074148041662926
Transform:
  m_CorrespondingSourceObject: {fileID: 0}
  m_PrefabInstance: {fileID: 100100000}
  m_PrefabAsset: {fileID: 0}
  m_GameObject: {fileID: 1768844754918124}
  m_LocalRotation: {x: 0, y: 0, z: 0, w: 1}
  m_LocalPosition: {x: 0, y: 0.01087039, z: 0}
  m_LocalScale: {x: 1, y: 1, z: 1}
  m_Children: []
  m_Father: {fileID: 4967986806386496}
  m_RootOrder: 0
  m_LocalEulerAnglesHint: {x: 0, y: 0, z: 0}
--- !u!1 &1650025484571468
GameObject:
  m_CorrespondingSourceObject: {fileID: 0}
  m_PrefabInstance: {fileID: 100100000}
  m_PrefabAsset: {fileID: 0}
  serializedVersion: 5
  m_Component:
  - component: {fileID: 4393681310378874}
  m_Layer: 9
  m_Name: Shoulder.l
  m_TagString: Untagged
  m_Icon: {fileID: 0}
  m_NavMeshLayer: 0
  m_StaticEditorFlags: 0
  m_IsActive: 1
--- !u!4 &4393681310378874
Transform:
  m_CorrespondingSourceObject: {fileID: 0}
  m_PrefabInstance: {fileID: 100100000}
  m_PrefabAsset: {fileID: 0}
  m_GameObject: {fileID: 1650025484571468}
  m_LocalRotation: {x: -0.6437493, y: -0.3344366, z: -0.5046142, w: 0.468085}
  m_LocalPosition: {x: -6.806023E-15, y: 0.003373562, z: 5.960464E-10}
  m_LocalScale: {x: 1.000003, y: 1.000004, z: 1.000002}
  m_Children:
  - {fileID: 4630624541443560}
  m_Father: {fileID: 4592446458427017}
  m_RootOrder: 2
  m_LocalEulerAnglesHint: {x: -101.2049, y: 74.3186, z: 8.900346}
--- !u!1 &1851827475073933
GameObject:
  m_CorrespondingSourceObject: {fileID: 0}
  m_PrefabInstance: {fileID: 100100000}
  m_PrefabAsset: {fileID: 0}
  serializedVersion: 5
  m_Component:
  - component: {fileID: 4630624541443560}
  m_Layer: 9
  m_Name: Uwing.l
  m_TagString: Untagged
  m_Icon: {fileID: 0}
  m_NavMeshLayer: 0
  m_StaticEditorFlags: 0
  m_IsActive: 1
--- !u!4 &4630624541443560
Transform:
  m_CorrespondingSourceObject: {fileID: 0}
  m_PrefabInstance: {fileID: 100100000}
  m_PrefabAsset: {fileID: 0}
  m_GameObject: {fileID: 1851827475073933}
  m_LocalRotation: {x: -0.09814103, y: 0.01420735, z: 0.1425661, w: -0.9848053}
  m_LocalPosition: {x: -7.45058E-11, y: 0.002189705, z: 7.823109E-10}
  m_LocalScale: {x: 1, y: 1, z: 1.000003}
  m_Children:
  - {fileID: 4300990868728293}
  - {fileID: 4504292231666381}
  m_Father: {fileID: 4393681310378874}
  m_RootOrder: 0
  m_LocalEulerAnglesHint: {x: 11.38207, y: -1.275621E-05, z: 16.47449}
--- !u!1 &1960279138197728
GameObject:
  m_CorrespondingSourceObject: {fileID: 0}
  m_PrefabInstance: {fileID: 100100000}
  m_PrefabAsset: {fileID: 0}
  serializedVersion: 5
  m_Component:
  - component: {fileID: 4300990868728293}
  m_Layer: 9
  m_Name: Mwing.l
  m_TagString: Untagged
  m_Icon: {fileID: 0}
  m_NavMeshLayer: 0
  m_StaticEditorFlags: 0
  m_IsActive: 1
--- !u!4 &4300990868728293
Transform:
  m_CorrespondingSourceObject: {fileID: 0}
  m_PrefabInstance: {fileID: 100100000}
  m_PrefabAsset: {fileID: 0}
  m_GameObject: {fileID: 1960279138197728}
  m_LocalRotation: {x: -0.2521611, y: -1.024455E-08, z: -2.193265E-07, w: -0.9676853}
  m_LocalPosition: {x: -1.247972E-09, y: 0.003991273, z: -2.607703E-10}
  m_LocalScale: {x: 1.000001, y: 1, z: 1.000002}
  m_Children:
  - {fileID: 4539619764165886}
  - {fileID: 4373881630982301}
  - {fileID: 4301055828893852}
  m_Father: {fileID: 4630624541443560}
  m_RootOrder: 0
  m_LocalEulerAnglesHint: {x: 29.21086, y: 5.20155E-06, z: -2.461682E-05}
--- !u!1 &1066359933947354
GameObject:
  m_CorrespondingSourceObject: {fileID: 0}
  m_PrefabInstance: {fileID: 100100000}
  m_PrefabAsset: {fileID: 0}
  serializedVersion: 5
  m_Component:
  - component: {fileID: 4539619764165886}
  m_Layer: 9
  m_Name: Lwing.l
  m_TagString: Untagged
  m_Icon: {fileID: 0}
  m_NavMeshLayer: 0
  m_StaticEditorFlags: 0
  m_IsActive: 1
--- !u!4 &4539619764165886
Transform:
  m_CorrespondingSourceObject: {fileID: 0}
  m_PrefabInstance: {fileID: 100100000}
  m_PrefabAsset: {fileID: 0}
  m_GameObject: {fileID: 1066359933947354}
  m_LocalRotation: {x: 0.3577777, y: -1.140733E-08, z: 2.110094E-07, w: -0.9338068}
  m_LocalPosition: {x: 2.980232E-09, y: 0.005882759, z: -1.192093E-09}
  m_LocalScale: {x: 1, y: 1.000001, z: 1.000003}
  m_Children:
  - {fileID: 4316583232104334}
  m_Father: {fileID: 4300990868728293}
  m_RootOrder: 0
  m_LocalEulerAnglesHint: {x: -41.92756, y: 7.430373E-06, z: 2.304704E-05}
--- !u!1 &1577337174860575
GameObject:
  m_CorrespondingSourceObject: {fileID: 0}
  m_PrefabInstance: {fileID: 100100000}
  m_PrefabAsset: {fileID: 0}
  serializedVersion: 5
  m_Component:
  - component: {fileID: 4316583232104334}
  m_Layer: 9
  m_Name: Lwing.l_end
  m_TagString: Untagged
  m_Icon: {fileID: 0}
  m_NavMeshLayer: 0
  m_StaticEditorFlags: 0
  m_IsActive: 1
--- !u!4 &4316583232104334
Transform:
  m_CorrespondingSourceObject: {fileID: 0}
  m_PrefabInstance: {fileID: 100100000}
  m_PrefabAsset: {fileID: 0}
  m_GameObject: {fileID: 1577337174860575}
  m_LocalRotation: {x: 0, y: 0, z: 0, w: 1}
  m_LocalPosition: {x: 0, y: 0.0168833, z: 0}
  m_LocalScale: {x: 1, y: 1, z: 1}
  m_Children: []
  m_Father: {fileID: 4539619764165886}
  m_RootOrder: 0
  m_LocalEulerAnglesHint: {x: 0, y: 0, z: 0}
--- !u!1 &1561129858754819
GameObject:
  m_CorrespondingSourceObject: {fileID: 0}
  m_PrefabInstance: {fileID: 100100000}
  m_PrefabAsset: {fileID: 0}
  serializedVersion: 5
  m_Component:
  - component: {fileID: 4373881630982301}
  m_Layer: 9
  m_Name: Mwingfold.l
  m_TagString: Untagged
  m_Icon: {fileID: 0}
  m_NavMeshLayer: 0
  m_StaticEditorFlags: 0
  m_IsActive: 1
--- !u!4 &4373881630982301
Transform:
  m_CorrespondingSourceObject: {fileID: 0}
  m_PrefabInstance: {fileID: 100100000}
  m_PrefabAsset: {fileID: 0}
  m_GameObject: {fileID: 1561129858754819}
  m_LocalRotation: {x: -0.803393, y: -2.023372E-07, z: 3.919163E-07, w: 0.5954492}
  m_LocalPosition: {x: 2.980232E-09, y: 0.005882759, z: -1.192093E-09}
  m_LocalScale: {x: 0.9999998, y: 1.000002, z: 1}
  m_Children:
  - {fileID: 4161630328962231}
  m_Father: {fileID: 4300990868728293}
  m_RootOrder: 1
  m_LocalEulerAnglesHint: {x: -106.9107, y: -2.227445E-05, z: -4.536937E-05}
--- !u!1 &1151180923002983
GameObject:
  m_CorrespondingSourceObject: {fileID: 0}
  m_PrefabInstance: {fileID: 100100000}
  m_PrefabAsset: {fileID: 0}
  serializedVersion: 5
  m_Component:
  - component: {fileID: 4161630328962231}
  m_Layer: 9
  m_Name: Mwingfold.l_end
  m_TagString: Untagged
  m_Icon: {fileID: 0}
  m_NavMeshLayer: 0
  m_StaticEditorFlags: 0
  m_IsActive: 1
--- !u!4 &4161630328962231
Transform:
  m_CorrespondingSourceObject: {fileID: 0}
  m_PrefabInstance: {fileID: 100100000}
  m_PrefabAsset: {fileID: 0}
  m_GameObject: {fileID: 1151180923002983}
  m_LocalRotation: {x: 0, y: 0, z: 0, w: 1}
  m_LocalPosition: {x: 0, y: 0.01812357, z: 0}
  m_LocalScale: {x: 1, y: 1, z: 1}
  m_Children: []
  m_Father: {fileID: 4373881630982301}
  m_RootOrder: 0
  m_LocalEulerAnglesHint: {x: 0, y: 0, z: 0}
--- !u!1 &1722140492010937
GameObject:
  m_CorrespondingSourceObject: {fileID: 0}
  m_PrefabInstance: {fileID: 100100000}
  m_PrefabAsset: {fileID: 0}
  serializedVersion: 5
  m_Component:
  - component: {fileID: 4301055828893852}
  m_Layer: 9
  m_Name: Lwingfold.l
  m_TagString: Untagged
  m_Icon: {fileID: 0}
  m_NavMeshLayer: 0
  m_StaticEditorFlags: 0
  m_IsActive: 1
--- !u!4 &4301055828893852
Transform:
  m_CorrespondingSourceObject: {fileID: 0}
  m_PrefabInstance: {fileID: 100100000}
  m_PrefabAsset: {fileID: 0}
  m_GameObject: {fileID: 1722140492010937}
  m_LocalRotation: {x: -0.6670086, y: 7.39098E-08, z: -1.148247E-07, w: 0.7450501}
  m_LocalPosition: {x: 2.980232E-09, y: 0.005882759, z: -1.192093E-09}
  m_LocalScale: {x: 1.000003, y: 1.000004, z: 1.000003}
  m_Children:
  - {fileID: 4519408734750514}
  m_Father: {fileID: 4300990868728293}
  m_RootOrder: 2
  m_LocalEulerAnglesHint: {x: -83.67321, y: 2.466302E-06, z: 1.545251E-05}
--- !u!1 &1762689006610663
GameObject:
  m_CorrespondingSourceObject: {fileID: 0}
  m_PrefabInstance: {fileID: 100100000}
  m_PrefabAsset: {fileID: 0}
  serializedVersion: 5
  m_Component:
  - component: {fileID: 4519408734750514}
  m_Layer: 9
  m_Name: Lwingfold.l_end
  m_TagString: Untagged
  m_Icon: {fileID: 0}
  m_NavMeshLayer: 0
  m_StaticEditorFlags: 0
  m_IsActive: 1
--- !u!4 &4519408734750514
Transform:
  m_CorrespondingSourceObject: {fileID: 0}
  m_PrefabInstance: {fileID: 100100000}
  m_PrefabAsset: {fileID: 0}
  m_GameObject: {fileID: 1762689006610663}
  m_LocalRotation: {x: 0, y: 0, z: 0, w: 1}
  m_LocalPosition: {x: 0, y: 0.01825126, z: 0}
  m_LocalScale: {x: 1, y: 1, z: 1}
  m_Children: []
  m_Father: {fileID: 4301055828893852}
  m_RootOrder: 0
  m_LocalEulerAnglesHint: {x: 0, y: 0, z: 0}
--- !u!1 &1721316741879617
GameObject:
  m_CorrespondingSourceObject: {fileID: 0}
  m_PrefabInstance: {fileID: 100100000}
  m_PrefabAsset: {fileID: 0}
  serializedVersion: 5
  m_Component:
  - component: {fileID: 4504292231666381}
  m_Layer: 9
  m_Name: Uwingfold.l
  m_TagString: Untagged
  m_Icon: {fileID: 0}
  m_NavMeshLayer: 0
  m_StaticEditorFlags: 0
  m_IsActive: 1
--- !u!4 &4504292231666381
Transform:
  m_CorrespondingSourceObject: {fileID: 0}
  m_PrefabInstance: {fileID: 100100000}
  m_PrefabAsset: {fileID: 0}
  m_GameObject: {fileID: 1721316741879617}
  m_LocalRotation: {x: 4.181637E-07, y: 0.7308746, z: -0.6825118, w: -5.243345E-07}
  m_LocalPosition: {x: -1.247972E-09, y: 0.003991273, z: -2.607703E-10}
  m_LocalScale: {x: 1.000005, y: 1.000005, z: 1.000003}
  m_Children:
  - {fileID: 4595028690788261}
  m_Father: {fileID: 4630624541443560}
  m_RootOrder: 1
  m_LocalEulerAnglesHint: {x: -93.91953, y: 1.120947E-05, z: -179.9999}
--- !u!1 &1444812681540065
GameObject:
  m_CorrespondingSourceObject: {fileID: 0}
  m_PrefabInstance: {fileID: 100100000}
  m_PrefabAsset: {fileID: 0}
  serializedVersion: 5
  m_Component:
  - component: {fileID: 4595028690788261}
  m_Layer: 9
  m_Name: Uwingfold.l_end
  m_TagString: Untagged
  m_Icon: {fileID: 0}
  m_NavMeshLayer: 0
  m_StaticEditorFlags: 0
  m_IsActive: 1
--- !u!4 &4595028690788261
Transform:
  m_CorrespondingSourceObject: {fileID: 0}
  m_PrefabInstance: {fileID: 100100000}
  m_PrefabAsset: {fileID: 0}
  m_GameObject: {fileID: 1444812681540065}
  m_LocalRotation: {x: 0, y: 0, z: 0, w: 1}
  m_LocalPosition: {x: 0, y: 0.01087039, z: 0}
  m_LocalScale: {x: 1, y: 1, z: 1}
  m_Children: []
  m_Father: {fileID: 4504292231666381}
  m_RootOrder: 0
  m_LocalEulerAnglesHint: {x: 0, y: 0, z: 0}
--- !u!1 &1880812710022793
GameObject:
  m_CorrespondingSourceObject: {fileID: 0}
  m_PrefabInstance: {fileID: 100100000}
  m_PrefabAsset: {fileID: 0}
  serializedVersion: 5
  m_Component:
  - component: {fileID: 4910309808112650}
  m_Layer: 9
  m_Name: Tail1
  m_TagString: Untagged
  m_Icon: {fileID: 0}
  m_NavMeshLayer: 0
  m_StaticEditorFlags: 0
  m_IsActive: 1
--- !u!4 &4910309808112650
Transform:
  m_CorrespondingSourceObject: {fileID: 0}
  m_PrefabInstance: {fileID: 100100000}
  m_PrefabAsset: {fileID: 0}
  m_GameObject: {fileID: 1880812710022793}
  m_LocalRotation: {x: -0.9672086, y: 9.688698E-07, z: -3.920209E-06, w: 0.2539835}
  m_LocalPosition: {x: 0, y: 0.02291119, z: 0}
  m_LocalScale: {x: 1, y: 1.000004, z: 1.000001}
  m_Children:
  - {fileID: 4307254658462914}
  m_Father: {fileID: 4159298123882601}
  m_RootOrder: 1
  m_LocalEulerAnglesHint: {x: -150.5733, y: 0.0004062938, z: 0.0002214788}
--- !u!1 &1235188788299929
GameObject:
  m_CorrespondingSourceObject: {fileID: 0}
  m_PrefabInstance: {fileID: 100100000}
  m_PrefabAsset: {fileID: 0}
  serializedVersion: 5
  m_Component:
  - component: {fileID: 4307254658462914}
  m_Layer: 9
  m_Name: Tail2
  m_TagString: Untagged
  m_Icon: {fileID: 0}
  m_NavMeshLayer: 0
  m_StaticEditorFlags: 0
  m_IsActive: 1
--- !u!4 &4307254658462914
Transform:
  m_CorrespondingSourceObject: {fileID: 0}
  m_PrefabInstance: {fileID: 100100000}
  m_PrefabAsset: {fileID: 0}
  m_GameObject: {fileID: 1235188788299929}
  m_LocalRotation: {x: -0.01657796, y: -3.099019E-06, z: -7.904822E-08, w: 0.9998627}
  m_LocalPosition: {x: 6.466009E-15, y: 0.006054725, z: 5.960464E-10}
  m_LocalScale: {x: 1.000004, y: 1.000004, z: 0.9999987}
  m_Children:
  - {fileID: 4536505049890719}
  m_Father: {fileID: 4910309808112650}
  m_RootOrder: 0
  m_LocalEulerAnglesHint: {x: -1.899781, y: 0.0003552227, z: 3.169827E-06}
--- !u!1 &1319967336962601
GameObject:
  m_CorrespondingSourceObject: {fileID: 0}
  m_PrefabInstance: {fileID: 100100000}
  m_PrefabAsset: {fileID: 0}
  serializedVersion: 5
  m_Component:
  - component: {fileID: 4536505049890719}
  m_Layer: 9
  m_Name: Tail3
  m_TagString: Untagged
  m_Icon: {fileID: 0}
  m_NavMeshLayer: 0
  m_StaticEditorFlags: 0
  m_IsActive: 1
--- !u!4 &4536505049890719
Transform:
  m_CorrespondingSourceObject: {fileID: 0}
  m_PrefabInstance: {fileID: 100100000}
  m_PrefabAsset: {fileID: 0}
  m_GameObject: {fileID: 1319967336962601}
  m_LocalRotation: {x: 0.0133196, y: 1.072786E-06, z: 3.651919E-08, w: 0.9999113}
  m_LocalPosition: {x: -3.377517E-16, y: 0.004085216, z: -1.41561E-09}
  m_LocalScale: {x: 1.000003, y: 1.000005, z: 1.000001}
  m_Children:
  - {fileID: 4014442307303136}
  m_Father: {fileID: 4307254658462914}
  m_RootOrder: 0
  m_LocalEulerAnglesHint: {x: 1.526359, y: -0.0001228656, z: -5.821828E-06}
--- !u!1 &1053479962694508
GameObject:
  m_CorrespondingSourceObject: {fileID: 0}
  m_PrefabInstance: {fileID: 100100000}
  m_PrefabAsset: {fileID: 0}
  serializedVersion: 5
  m_Component:
  - component: {fileID: 4014442307303136}
  m_Layer: 9
  m_Name: Tail4
  m_TagString: Untagged
  m_Icon: {fileID: 0}
  m_NavMeshLayer: 0
  m_StaticEditorFlags: 0
  m_IsActive: 1
--- !u!4 &4014442307303136
Transform:
  m_CorrespondingSourceObject: {fileID: 0}
  m_PrefabInstance: {fileID: 100100000}
  m_PrefabAsset: {fileID: 0}
  m_GameObject: {fileID: 1053479962694508}
  m_LocalRotation: {x: 0.003197255, y: -1.192086E-06, z: 8.385895E-09, w: 0.9999949}
  m_LocalPosition: {x: 1.066855E-17, y: 0.003826827, z: -4.470348E-10}
  m_LocalScale: {x: 1.000005, y: 1.000002, z: 0.9999991}
  m_Children:
  - {fileID: 4632674798055765}
  m_Father: {fileID: 4536505049890719}
  m_RootOrder: 0
  m_LocalEulerAnglesHint: {x: 0.366379, y: 0.0001366054, z: -5.241931E-07}
--- !u!1 &1096455940855505
GameObject:
  m_CorrespondingSourceObject: {fileID: 0}
  m_PrefabInstance: {fileID: 100100000}
  m_PrefabAsset: {fileID: 0}
  serializedVersion: 5
  m_Component:
  - component: {fileID: 4632674798055765}
  m_Layer: 9
  m_Name: Tail5
  m_TagString: Untagged
  m_Icon: {fileID: 0}
  m_NavMeshLayer: 0
  m_StaticEditorFlags: 0
  m_IsActive: 1
--- !u!4 &4632674798055765
Transform:
  m_CorrespondingSourceObject: {fileID: 0}
  m_PrefabInstance: {fileID: 100100000}
  m_PrefabAsset: {fileID: 0}
  m_GameObject: {fileID: 1096455940855505}
  m_LocalRotation: {x: -0.01277394, y: -3.576004E-07, z: -1.370488E-08, w: 0.9999184}
  m_LocalPosition: {x: -1.586235E-15, y: 0.00287801, z: 0}
  m_LocalScale: {x: 1.000004, y: 1.000004, z: 1.000002}
  m_Children:
  - {fileID: 4444075261965770}
  m_Father: {fileID: 4014442307303136}
  m_RootOrder: 0
  m_LocalEulerAnglesHint: {x: -1.463825, y: 4.09947E-05, z: 1.046885E-06}
--- !u!1 &1973440279597326
GameObject:
  m_CorrespondingSourceObject: {fileID: 0}
  m_PrefabInstance: {fileID: 100100000}
  m_PrefabAsset: {fileID: 0}
  serializedVersion: 5
  m_Component:
  - component: {fileID: 4444075261965770}
  m_Layer: 9
  m_Name: Tail6
  m_TagString: Untagged
  m_Icon: {fileID: 0}
  m_NavMeshLayer: 0
  m_StaticEditorFlags: 0
  m_IsActive: 1
--- !u!4 &4444075261965770
Transform:
  m_CorrespondingSourceObject: {fileID: 0}
  m_PrefabInstance: {fileID: 100100000}
  m_PrefabAsset: {fileID: 0}
  m_GameObject: {fileID: 1973440279597326}
  m_LocalRotation: {x: -0.00190601, y: 1.192092E-07, z: -1.590484E-09, w: 0.9999983}
  m_LocalPosition: {x: 7.425657E-16, y: 0.002106773, z: -1.490116E-10}
  m_LocalScale: {x: 1.000001, y: 0.9999998, z: 0.9999996}
  m_Children:
  - {fileID: 4783530571410782}
  m_Father: {fileID: 4632674798055765}
  m_RootOrder: 0
  m_LocalEulerAnglesHint: {x: -0.2184128, y: -1.366E-05, z: 2.082925E-07}
--- !u!1 &1458634444804110
GameObject:
  m_CorrespondingSourceObject: {fileID: 0}
  m_PrefabInstance: {fileID: 100100000}
  m_PrefabAsset: {fileID: 0}
  serializedVersion: 5
  m_Component:
  - component: {fileID: 4783530571410782}
  m_Layer: 9
  m_Name: Tail6_end
  m_TagString: Untagged
  m_Icon: {fileID: 0}
  m_NavMeshLayer: 0
  m_StaticEditorFlags: 0
  m_IsActive: 1
--- !u!4 &4783530571410782
Transform:
  m_CorrespondingSourceObject: {fileID: 0}
  m_PrefabInstance: {fileID: 100100000}
  m_PrefabAsset: {fileID: 0}
  m_GameObject: {fileID: 1458634444804110}
  m_LocalRotation: {x: 0, y: 0, z: 0, w: 1}
  m_LocalPosition: {x: 0, y: 0.001607919, z: 0}
  m_LocalScale: {x: 1, y: 1, z: 1}
  m_Children: []
  m_Father: {fileID: 4444075261965770}
  m_RootOrder: 0
  m_LocalEulerAnglesHint: {x: 0, y: 0, z: 0}
--- !u!1 &1479930509386689
GameObject:
  m_CorrespondingSourceObject: {fileID: 0}
  m_PrefabInstance: {fileID: 100100000}
  m_PrefabAsset: {fileID: 0}
  serializedVersion: 5
  m_Component:
  - component: {fileID: 4018260878095793}
  - component: {fileID: 137343685137037083}
  m_Layer: 9
  m_Name: eyes
  m_TagString: Untagged
  m_Icon: {fileID: 0}
  m_NavMeshLayer: 0
  m_StaticEditorFlags: 0
  m_IsActive: 1
--- !u!4 &4018260878095793
Transform:
  m_CorrespondingSourceObject: {fileID: 0}
  m_PrefabInstance: {fileID: 100100000}
  m_PrefabAsset: {fileID: 0}
  m_GameObject: {fileID: 1479930509386689}
  m_LocalRotation: {x: -0.7071068, y: 0, z: 0, w: 0.7071067}
  m_LocalPosition: {x: 0, y: 2.75323, z: 0}
  m_LocalScale: {x: 12.87624, y: 12.87624, z: 12.87624}
  m_Children: []
  m_Father: {fileID: 4117113837367715}
  m_RootOrder: 1
  m_LocalEulerAnglesHint: {x: -90.00001, y: 0, z: 0}
--- !u!137 &137343685137037083
SkinnedMeshRenderer:
  m_CorrespondingSourceObject: {fileID: 0}
  m_PrefabInstance: {fileID: 100100000}
  m_PrefabAsset: {fileID: 0}
  m_GameObject: {fileID: 1479930509386689}
  m_Enabled: 1
  m_CastShadows: 1
  m_ReceiveShadows: 1
  m_DynamicOccludee: 1
  m_MotionVectors: 1
  m_LightProbeUsage: 1
  m_ReflectionProbeUsage: 1
  m_RayTracingMode: 0
  m_RenderingLayerMask: 1
  m_RendererPriority: 0
  m_Materials:
  - {fileID: 2100000, guid: 0948bbcb9a8f9244eb22e34573b0d925, type: 2}
  m_StaticBatchInfo:
    firstSubMesh: 0
    subMeshCount: 0
  m_StaticBatchRoot: {fileID: 0}
  m_ProbeAnchor: {fileID: 0}
  m_LightProbeVolumeOverride: {fileID: 0}
  m_ScaleInLightmap: 1
  m_ReceiveGI: 1
  m_PreserveUVs: 0
  m_IgnoreNormalsForChartDetection: 0
  m_ImportantGI: 0
  m_StitchLightmapSeams: 0
  m_SelectedEditorRenderState: 3
  m_MinimumChartSize: 4
  m_AutoUVMaxDistance: 0.5
  m_AutoUVMaxAngle: 89
  m_LightmapParameters: {fileID: 0}
  m_SortingLayerID: 0
  m_SortingLayer: 0
  m_SortingOrder: 0
  serializedVersion: 2
  m_Quality: 0
  m_UpdateWhenOffscreen: 0
  m_skinnedMotionVectors: 1
  m_Mesh: {fileID: 4300000, guid: 3bdc0e42a3181c24684e4165ecfabaf9, type: 2}
  m_Bones:
  - {fileID: 4159298123882601}
  - {fileID: 4827919266722145}
  - {fileID: 4592446458427017}
  - {fileID: 4762747715531521}
  - {fileID: 4131172388728892}
  - {fileID: 4592625886569521}
  - {fileID: 4377892073997220}
  - {fileID: 4989166925403229}
  - {fileID: 4978293284332474}
  - {fileID: 4021340003956271}
  - {fileID: 4221605496641695}
  - {fileID: 4495451741967550}
  - {fileID: 4123800548883966}
  - {fileID: 4440028471641084}
  - {fileID: 4967986806386496}
  - {fileID: 4393681310378874}
  - {fileID: 4630624541443560}
  - {fileID: 4300990868728293}
  - {fileID: 4539619764165886}
  - {fileID: 4373881630982301}
  - {fileID: 4301055828893852}
  - {fileID: 4504292231666381}
  - {fileID: 4910309808112650}
  - {fileID: 4307254658462914}
  - {fileID: 4536505049890719}
  - {fileID: 4014442307303136}
  - {fileID: 4632674798055765}
  - {fileID: 4444075261965770}
  m_BlendShapeWeights: []
  m_RootBone: {fileID: 4159298123882601}
  m_AABB:
    m_Center: {x: 0, y: 0.03298376, z: -5.219225E-05}
    m_Extent: {x: 0.0005937067, y: 0.0003166571, z: 0.0003166674}
  m_DirtyAABB: 0
--- !u!1 &1818098239102349
GameObject:
  m_CorrespondingSourceObject: {fileID: 0}
  m_PrefabInstance: {fileID: 100100000}
  m_PrefabAsset: {fileID: 0}
  serializedVersion: 5
  m_Component:
  - component: {fileID: 4224192476990452}
  - component: {fileID: 137759631670255872}
  m_Layer: 9
  m_Name: Hatchling
  m_TagString: Untagged
  m_Icon: {fileID: 0}
  m_NavMeshLayer: 0
  m_StaticEditorFlags: 0
  m_IsActive: 1
--- !u!4 &4224192476990452
Transform:
  m_CorrespondingSourceObject: {fileID: 0}
  m_PrefabInstance: {fileID: 100100000}
  m_PrefabAsset: {fileID: 0}
  m_GameObject: {fileID: 1818098239102349}
  m_LocalRotation: {x: 1, y: -1.110223E-16, z: 1.110223E-16, w: -7.54979E-08}
  m_LocalPosition: {x: 0, y: 2.75323, z: 0}
  m_LocalScale: {x: 12.87624, y: 12.87624, z: 12.87624}
  m_Children: []
  m_Father: {fileID: 4117113837367715}
  m_RootOrder: 2
  m_LocalEulerAnglesHint: {x: -180, y: 1.272222E-14, z: 1.272222E-14}
--- !u!137 &137759631670255872
SkinnedMeshRenderer:
  m_CorrespondingSourceObject: {fileID: 0}
  m_PrefabInstance: {fileID: 100100000}
  m_PrefabAsset: {fileID: 0}
  m_GameObject: {fileID: 1818098239102349}
  m_Enabled: 1
  m_CastShadows: 1
  m_ReceiveShadows: 1
  m_DynamicOccludee: 1
  m_MotionVectors: 1
  m_LightProbeUsage: 1
  m_ReflectionProbeUsage: 1
  m_RayTracingMode: 0
  m_RenderingLayerMask: 1
  m_RendererPriority: 0
  m_Materials:
  - {fileID: 2100000, guid: 0948bbcb9a8f9244eb22e34573b0d925, type: 2}
  m_StaticBatchInfo:
    firstSubMesh: 0
    subMeshCount: 0
  m_StaticBatchRoot: {fileID: 0}
  m_ProbeAnchor: {fileID: 0}
  m_LightProbeVolumeOverride: {fileID: 0}
  m_ScaleInLightmap: 1
  m_ReceiveGI: 1
  m_PreserveUVs: 0
  m_IgnoreNormalsForChartDetection: 0
  m_ImportantGI: 0
  m_StitchLightmapSeams: 0
  m_SelectedEditorRenderState: 3
  m_MinimumChartSize: 4
  m_AutoUVMaxDistance: 0.5
  m_AutoUVMaxAngle: 89
  m_LightmapParameters: {fileID: 0}
  m_SortingLayerID: 0
  m_SortingLayer: 0
  m_SortingOrder: 0
  serializedVersion: 2
  m_Quality: 0
  m_UpdateWhenOffscreen: 0
  m_skinnedMotionVectors: 1
  m_Mesh: {fileID: 4300000, guid: 0e21b604f0f71e74b81b199f8807b9c4, type: 2}
  m_Bones:
  - {fileID: 4159298123882601}
  - {fileID: 4827919266722145}
  - {fileID: 4592446458427017}
  - {fileID: 4762747715531521}
  - {fileID: 4131172388728892}
  - {fileID: 4592625886569521}
  - {fileID: 4377892073997220}
  - {fileID: 4989166925403229}
  - {fileID: 4978293284332474}
  - {fileID: 4021340003956271}
  - {fileID: 4221605496641695}
  - {fileID: 4495451741967550}
  - {fileID: 4123800548883966}
  - {fileID: 4440028471641084}
  - {fileID: 4967986806386496}
  - {fileID: 4393681310378874}
  - {fileID: 4630624541443560}
  - {fileID: 4300990868728293}
  - {fileID: 4539619764165886}
  - {fileID: 4373881630982301}
  - {fileID: 4301055828893852}
  - {fileID: 4504292231666381}
  - {fileID: 4910309808112650}
  - {fileID: 4307254658462914}
  - {fileID: 4536505049890719}
  - {fileID: 4014442307303136}
  - {fileID: 4632674798055765}
  - {fileID: 4444075261965770}
  m_BlendShapeWeights: []
  m_RootBone: {fileID: 4159298123882601}
  m_AABB:
    m_Center: {x: -0.0002738321, y: 0.0271852, z: 0.007445759}
    m_Extent: {x: 0.01401096, y: 0.02073811, z: 0.01568288}
  m_DirtyAABB: 0
--- !u!1 &1445377803377129
GameObject:
  m_CorrespondingSourceObject: {fileID: 0}
  m_PrefabInstance: {fileID: 100100000}
  m_PrefabAsset: {fileID: 0}
  serializedVersion: 5
  m_Component:
  - component: {fileID: 4390181763380452}
  - component: {fileID: 137313382565615108}
  m_Layer: 9
  m_Name: Hatchling.001
  m_TagString: Untagged
  m_Icon: {fileID: 0}
  m_NavMeshLayer: 0
  m_StaticEditorFlags: 0
  m_IsActive: 1
--- !u!4 &4390181763380452
Transform:
  m_CorrespondingSourceObject: {fileID: 0}
  m_PrefabInstance: {fileID: 100100000}
  m_PrefabAsset: {fileID: 0}
  m_GameObject: {fileID: 1445377803377129}
  m_LocalRotation: {x: 1, y: -1.110223E-16, z: 1.110223E-16, w: -7.54979E-08}
  m_LocalPosition: {x: 0, y: 2.75323, z: 0}
  m_LocalScale: {x: 12.87624, y: 12.87624, z: 12.87624}
  m_Children: []
  m_Father: {fileID: 4117113837367715}
  m_RootOrder: 3
  m_LocalEulerAnglesHint: {x: -180, y: 1.272222E-14, z: 1.272222E-14}
--- !u!137 &137313382565615108
SkinnedMeshRenderer:
  m_CorrespondingSourceObject: {fileID: 0}
  m_PrefabInstance: {fileID: 100100000}
  m_PrefabAsset: {fileID: 0}
  m_GameObject: {fileID: 1445377803377129}
  m_Enabled: 1
  m_CastShadows: 1
  m_ReceiveShadows: 1
  m_DynamicOccludee: 1
  m_MotionVectors: 1
  m_LightProbeUsage: 1
  m_ReflectionProbeUsage: 1
  m_RayTracingMode: 0
  m_RenderingLayerMask: 1
  m_RendererPriority: 0
  m_Materials:
  - {fileID: 2100000, guid: 0948bbcb9a8f9244eb22e34573b0d925, type: 2}
  m_StaticBatchInfo:
    firstSubMesh: 0
    subMeshCount: 0
  m_StaticBatchRoot: {fileID: 0}
  m_ProbeAnchor: {fileID: 0}
  m_LightProbeVolumeOverride: {fileID: 0}
  m_ScaleInLightmap: 1
  m_ReceiveGI: 1
  m_PreserveUVs: 0
  m_IgnoreNormalsForChartDetection: 0
  m_ImportantGI: 0
  m_StitchLightmapSeams: 0
  m_SelectedEditorRenderState: 3
  m_MinimumChartSize: 4
  m_AutoUVMaxDistance: 0.5
  m_AutoUVMaxAngle: 89
  m_LightmapParameters: {fileID: 0}
  m_SortingLayerID: 0
  m_SortingLayer: 0
  m_SortingOrder: 0
  serializedVersion: 2
  m_Quality: 0
  m_UpdateWhenOffscreen: 0
  m_skinnedMotionVectors: 1
  m_Mesh: {fileID: 4300000, guid: 7541c216555e8dc498ecd54b5b92795c, type: 2}
  m_Bones:
  - {fileID: 4159298123882601}
  - {fileID: 4827919266722145}
  - {fileID: 4592446458427017}
  - {fileID: 4762747715531521}
  - {fileID: 4131172388728892}
  - {fileID: 4592625886569521}
  - {fileID: 4377892073997220}
  - {fileID: 4989166925403229}
  - {fileID: 4978293284332474}
  - {fileID: 4021340003956271}
  - {fileID: 4221605496641695}
  - {fileID: 4495451741967550}
  - {fileID: 4123800548883966}
  - {fileID: 4440028471641084}
  - {fileID: 4967986806386496}
  - {fileID: 4393681310378874}
  - {fileID: 4630624541443560}
  - {fileID: 4300990868728293}
  - {fileID: 4539619764165886}
  - {fileID: 4373881630982301}
  - {fileID: 4301055828893852}
  - {fileID: 4504292231666381}
  - {fileID: 4910309808112650}
  - {fileID: 4307254658462914}
  - {fileID: 4536505049890719}
  - {fileID: 4014442307303136}
  - {fileID: 4632674798055765}
  - {fileID: 4444075261965770}
  m_BlendShapeWeights: []
  m_RootBone: {fileID: 4159298123882601}
  m_AABB:
    m_Center: {x: -0.0006015059, y: 0.03502801, z: 0.01407648}
    m_Extent: {x: 0.02189533, y: 0.01648383, z: 0.01419009}
  m_DirtyAABB: 0
--- !u!1 &1246841444418507
GameObject:
  m_CorrespondingSourceObject: {fileID: 0}
  m_PrefabInstance: {fileID: 100100000}
  m_PrefabAsset: {fileID: 0}
  serializedVersion: 5
  m_Component:
  - component: {fileID: 4454944067801315}
  - component: {fileID: 137904036010427680}
  m_Layer: 9
  m_Name: Horns
  m_TagString: Untagged
  m_Icon: {fileID: 0}
  m_NavMeshLayer: 0
  m_StaticEditorFlags: 0
  m_IsActive: 1
--- !u!4 &4454944067801315
Transform:
  m_CorrespondingSourceObject: {fileID: 0}
  m_PrefabInstance: {fileID: 100100000}
  m_PrefabAsset: {fileID: 0}
  m_GameObject: {fileID: 1246841444418507}
  m_LocalRotation: {x: -0.7071068, y: 0, z: 0, w: 0.7071067}
  m_LocalPosition: {x: 0, y: 2.75323, z: 0}
  m_LocalScale: {x: 8.826418, y: 8.826418, z: 8.826418}
  m_Children: []
  m_Father: {fileID: 4117113837367715}
  m_RootOrder: 4
  m_LocalEulerAnglesHint: {x: -90.00001, y: 0, z: 0}
--- !u!137 &137904036010427680
SkinnedMeshRenderer:
  m_CorrespondingSourceObject: {fileID: 0}
  m_PrefabInstance: {fileID: 100100000}
  m_PrefabAsset: {fileID: 0}
  m_GameObject: {fileID: 1246841444418507}
  m_Enabled: 1
  m_CastShadows: 1
  m_ReceiveShadows: 1
  m_DynamicOccludee: 1
  m_MotionVectors: 1
  m_LightProbeUsage: 1
  m_ReflectionProbeUsage: 1
  m_RayTracingMode: 0
  m_RenderingLayerMask: 1
  m_RendererPriority: 0
  m_Materials:
  - {fileID: 2100000, guid: 0948bbcb9a8f9244eb22e34573b0d925, type: 2}
  m_StaticBatchInfo:
    firstSubMesh: 0
    subMeshCount: 0
  m_StaticBatchRoot: {fileID: 0}
  m_ProbeAnchor: {fileID: 0}
  m_LightProbeVolumeOverride: {fileID: 0}
  m_ScaleInLightmap: 1
  m_ReceiveGI: 1
  m_PreserveUVs: 0
  m_IgnoreNormalsForChartDetection: 0
  m_ImportantGI: 0
  m_StitchLightmapSeams: 0
  m_SelectedEditorRenderState: 3
  m_MinimumChartSize: 4
  m_AutoUVMaxDistance: 0.5
  m_AutoUVMaxAngle: 89
  m_LightmapParameters: {fileID: 0}
  m_SortingLayerID: 0
  m_SortingLayer: 0
  m_SortingOrder: 0
  serializedVersion: 2
  m_Quality: 0
  m_UpdateWhenOffscreen: 0
  m_skinnedMotionVectors: 1
  m_Mesh: {fileID: 4300000, guid: 23beb76f4f371a94b8187bc4f2a4f783, type: 2}
  m_Bones:
  - {fileID: 4159298123882601}
  - {fileID: 4827919266722145}
  - {fileID: 4592446458427017}
  - {fileID: 4762747715531521}
  - {fileID: 4131172388728892}
  - {fileID: 4592625886569521}
  - {fileID: 4377892073997220}
  - {fileID: 4989166925403229}
  - {fileID: 4978293284332474}
  - {fileID: 4021340003956271}
  - {fileID: 4221605496641695}
  - {fileID: 4495451741967550}
  - {fileID: 4123800548883966}
  - {fileID: 4440028471641084}
  - {fileID: 4967986806386496}
  - {fileID: 4393681310378874}
  - {fileID: 4630624541443560}
  - {fileID: 4300990868728293}
  - {fileID: 4539619764165886}
  - {fileID: 4373881630982301}
  - {fileID: 4301055828893852}
  - {fileID: 4504292231666381}
  - {fileID: 4910309808112650}
  - {fileID: 4307254658462914}
  - {fileID: 4536505049890719}
  - {fileID: 4014442307303136}
  - {fileID: 4632674798055765}
  - {fileID: 4444075261965770}
  m_BlendShapeWeights: []
  m_RootBone: {fileID: 4159298123882601}
  m_AABB:
    m_Center: {x: -4.656613E-10, y: 0.03422106, z: 0.002080942}
    m_Extent: {x: 0.002936431, y: 0.004901383, z: 0.005024696}
  m_DirtyAABB: 0
