%YAML 1.1
%TAG !u! tag:unity3d.com,2011:
--- !u!1001 &100100000
PrefabInstance:
  serializedVersion: 2
  m_RootGameObject: {fileID: 1885861374690062}
  m_Modification:
    m_TransformParent: {fileID: 0}
    m_Modifications: []
    m_RemovedComponents: []
  m_SourcePrefab: {fileID: 0}
--- !u!1 &1885861374690062
GameObject:
  m_CorrespondingSourceObject: {fileID: 0}
  m_PrefabInstance: {fileID: 100100000}
  m_PrefabAsset: {fileID: 0}
  serializedVersion: 5
  m_Component:
  - component: {fileID: 4150651739077842}
  - component: {fileID: 114476455010545931}
  - component: {fileID: 114595567995626644}
  - component: {fileID: 205910194002652295}
  m_Layer: 8
  m_Name: Hatchling_ragdoll
  m_TagString: Untagged
  m_Icon: {fileID: 0}
  m_NavMeshLayer: 0
  m_StaticEditorFlags: 0
  m_IsActive: 1
--- !u!4 &4150651739077842
Transform:
  m_CorrespondingSourceObject: {fileID: 0}
  m_PrefabInstance: {fileID: 100100000}
  m_PrefabAsset: {fileID: 0}
  m_GameObject: {fileID: 1885861374690062}
  m_LocalRotation: {x: 0, y: 0, z: 0, w: 1}
  m_LocalPosition: {x: 0, y: 50, z: 0}
  m_LocalScale: {x: 1, y: 1, z: 1}
  m_Children:
  - {fileID: 4549709391508250}
  m_Father: {fileID: 0}
  m_RootOrder: 0
  m_LocalEulerAnglesHint: {x: 0, y: 0, z: 0}
--- !u!114 &114476455010545931
MonoBehaviour:
  m_CorrespondingSourceObject: {fileID: 0}
  m_PrefabInstance: {fileID: 100100000}
  m_PrefabAsset: {fileID: 0}
  m_GameObject: {fileID: 1885861374690062}
  m_Enabled: 1
  m_EditorHideFlags: 0
  m_Script: {fileID: 11500000, guid: d264112e673c9734e894b64e5b2c29da, type: 3}
  m_Name:
  m_EditorClassIdentifier:
  m_velMultiplier: 4
  m_ttl: 3
  m_mainModel: {fileID: 0}
  m_removeEffect:
    m_effectPrefabs:
    - m_prefab: {fileID: 1941118799205318, guid: 8df1ed66149c7e744a0b4f911897323f, type: 2}
      m_enabled: 1
      m_variant: -1
      m_attach: 0
      m_inheritParentRotation: 0
      m_inheritParentScale: 0
      m_randomRotation: 0
      m_scale: 0
      m_childTransform:
  m_float: 1
  m_floatOffset: -0.2
--- !u!114 &114595567995626644
MonoBehaviour:
  m_CorrespondingSourceObject: {fileID: 0}
  m_PrefabInstance: {fileID: 100100000}
  m_PrefabAsset: {fileID: 0}
  m_GameObject: {fileID: 1885861374690062}
  m_Enabled: 1
  m_EditorHideFlags: 0
  m_Script: {fileID: 11500000, guid: 8d13d63090ca3f942b327ae131eec5a0, type: 3}
  m_Name:
  m_EditorClassIdentifier:
  m_persistent: 1
  m_distant: 0
  m_type: 0
  m_syncInitialScale: 0
--- !u!205 &205910194002652295
LODGroup:
  m_CorrespondingSourceObject: {fileID: 0}
  m_PrefabInstance: {fileID: 100100000}
  m_PrefabAsset: {fileID: 0}
  m_GameObject: {fileID: 1885861374690062}
  serializedVersion: 2
  m_LocalReferencePoint: {x: 0.06015038, y: 3.34491, z: -0.4868848}
  m_Size: 5.646159
  m_FadeMode: 0
  m_AnimateCrossFading: 0
  m_LastLODIsBillboard: 0
  m_LODs:
  - screenRelativeHeight: 0.05748178
    fadeTransitionWidth: 0
    renderers:
    - renderer: {fileID: 137802958397483848}
    - renderer: {fileID: 137831137397628166}
    - renderer: {fileID: 137104755272001452}
    - renderer: {fileID: 137556456167812488}
  m_Enabled: 1
--- !u!1 &1391145327697034
GameObject:
  m_CorrespondingSourceObject: {fileID: 0}
  m_PrefabInstance: {fileID: 100100000}
  m_PrefabAsset: {fileID: 0}
  serializedVersion: 5
  m_Component:
  - component: {fileID: 4549709391508250}
  m_Layer: 8
  m_Name: Hatchling_mountain
  m_TagString: Untagged
  m_Icon: {fileID: 0}
  m_NavMeshLayer: 0
  m_StaticEditorFlags: 0
  m_IsActive: 1
--- !u!4 &4549709391508250
Transform:
  m_CorrespondingSourceObject: {fileID: 0}
  m_PrefabInstance: {fileID: 100100000}
  m_PrefabAsset: {fileID: 0}
  m_GameObject: {fileID: 1391145327697034}
  m_LocalRotation: {x: 0, y: 1, z: 0, w: 0}
  m_LocalPosition: {x: 0, y: 0, z: 0}
  m_LocalScale: {x: 1, y: 1, z: 1}
  m_Children:
  - {fileID: 4687046555149721}
  - {fileID: 4487838241613358}
  - {fileID: 4691599008883064}
  - {fileID: 4819083361391208}
  - {fileID: 4808786448531706}
  m_Father: {fileID: 4150651739077842}
  m_RootOrder: 0
  m_LocalEulerAnglesHint: {x: 180, y: 0, z: -180}
--- !u!1 &1759913307412377
GameObject:
  m_CorrespondingSourceObject: {fileID: 0}
  m_PrefabInstance: {fileID: 100100000}
  m_PrefabAsset: {fileID: 0}
  serializedVersion: 5
  m_Component:
  - component: {fileID: 4687046555149721}
  m_Layer: 8
  m_Name: Armature
  m_TagString: Untagged
  m_Icon: {fileID: 0}
  m_NavMeshLayer: 0
  m_StaticEditorFlags: 0
  m_IsActive: 1
--- !u!4 &4687046555149721
Transform:
  m_CorrespondingSourceObject: {fileID: 0}
  m_PrefabInstance: {fileID: 100100000}
  m_PrefabAsset: {fileID: 0}
  m_GameObject: {fileID: 1759913307412377}
  m_LocalRotation: {x: -0.7071068, y: 0, z: 0, w: 0.7071067}
  m_LocalPosition: {x: 0, y: 0, z: 1}
  m_LocalScale: {x: 100, y: 100, z: 100}
  m_Children:
  - {fileID: 4832455672958779}
  m_Father: {fileID: 4549709391508250}
  m_RootOrder: 0
  m_LocalEulerAnglesHint: {x: -90.00001, y: 0, z: 0}
--- !u!1 &1018103435254960
GameObject:
  m_CorrespondingSourceObject: {fileID: 0}
  m_PrefabInstance: {fileID: 100100000}
  m_PrefabAsset: {fileID: 0}
  serializedVersion: 5
  m_Component:
  - component: {fileID: 4832455672958779}
  - component: {fileID: 54353799992611463}
  m_Layer: 8
  m_Name: Root
  m_TagString: Untagged
  m_Icon: {fileID: 0}
  m_NavMeshLayer: 0
  m_StaticEditorFlags: 0
  m_IsActive: 1
--- !u!4 &4832455672958779
Transform:
  m_CorrespondingSourceObject: {fileID: 0}
  m_PrefabInstance: {fileID: 100100000}
  m_PrefabAsset: {fileID: 0}
  m_GameObject: {fileID: 1018103435254960}
  m_LocalRotation: {x: 0.5313547, y: 1.009881E-07, z: 6.334242E-08, w: 0.8471495}
  m_LocalPosition: {x: 0, y: 0, z: 0.003}
  m_LocalScale: {x: 1.000001, y: 1, z: 1.000001}
  m_Children:
  - {fileID: 4672183284139618}
  - {fileID: 4493940818595248}
  m_Father: {fileID: 4687046555149721}
  m_RootOrder: 0
  m_LocalEulerAnglesHint: {x: 64.19406, y: -5.946696E-06, z: -1.229808E-05}
--- !u!54 &54353799992611463
Rigidbody:
  m_CorrespondingSourceObject: {fileID: 0}
  m_PrefabInstance: {fileID: 100100000}
  m_PrefabAsset: {fileID: 0}
  m_GameObject: {fileID: 1018103435254960}
  serializedVersion: 2
  m_Mass: 1
  m_Drag: 0
  m_AngularDrag: 0.05
  m_UseGravity: 1
  m_IsKinematic: 0
  m_Interpolate: 0
  m_Constraints: 0
  m_CollisionDetection: 0
--- !u!1 &1939434057816701
GameObject:
  m_CorrespondingSourceObject: {fileID: 0}
  m_PrefabInstance: {fileID: 100100000}
  m_PrefabAsset: {fileID: 0}
  serializedVersion: 5
  m_Component:
  - component: {fileID: 4672183284139618}
  - component: {fileID: 65946430744322711}
  - component: {fileID: 54049160883749521}
  m_Layer: 8
  m_Name: Spine1
  m_TagString: Untagged
  m_Icon: {fileID: 0}
  m_NavMeshLayer: 0
  m_StaticEditorFlags: 0
  m_IsActive: 1
--- !u!4 &4672183284139618
Transform:
  m_CorrespondingSourceObject: {fileID: 0}
  m_PrefabInstance: {fileID: 100100000}
  m_PrefabAsset: {fileID: 0}
  m_GameObject: {fileID: 1939434057816701}
  m_LocalRotation: {x: 0.1241023, y: -1.182877E-07, z: 1.479415E-08, w: 0.9922694}
  m_LocalPosition: {x: 0, y: 0.02291119, z: 0}
  m_LocalScale: {x: 1.000001, y: 0.9999998, z: 1.000002}
  m_Children:
  - {fileID: 4160376298216435}
  m_Father: {fileID: 4832455672958779}
  m_RootOrder: 0
  m_LocalEulerAnglesHint: {x: 14.25784, y: 1.366038E-05, z: -7.068249E-13}
--- !u!65 &65946430744322711
BoxCollider:
  m_CorrespondingSourceObject: {fileID: 0}
  m_PrefabInstance: {fileID: 100100000}
  m_PrefabAsset: {fileID: 0}
  m_GameObject: {fileID: 1939434057816701}
  m_Material: {fileID: 0}
  m_IsTrigger: 0
  m_Enabled: 1
  serializedVersion: 2
  m_Size: {x: 0.00395458, y: 0.01391765, z: 0.006584189}
  m_Center: {x: 0, y: 0.0009042919, z: -0.0002861023}
--- !u!54 &54049160883749521
Rigidbody:
  m_CorrespondingSourceObject: {fileID: 0}
  m_PrefabInstance: {fileID: 100100000}
  m_PrefabAsset: {fileID: 0}
  m_GameObject: {fileID: 1939434057816701}
  serializedVersion: 2
  m_Mass: 3.125
  m_Drag: 0
  m_AngularDrag: 0.05
  m_UseGravity: 1
  m_IsKinematic: 0
  m_Interpolate: 0
  m_Constraints: 0
  m_CollisionDetection: 0
--- !u!1 &1474368526857140
GameObject:
  m_CorrespondingSourceObject: {fileID: 0}
  m_PrefabInstance: {fileID: 100100000}
  m_PrefabAsset: {fileID: 0}
  serializedVersion: 5
  m_Component:
  - component: {fileID: 4160376298216435}
  m_Layer: 8
  m_Name: Spine2
  m_TagString: Untagged
  m_Icon: {fileID: 0}
  m_NavMeshLayer: 0
  m_StaticEditorFlags: 0
  m_IsActive: 1
--- !u!4 &4160376298216435
Transform:
  m_CorrespondingSourceObject: {fileID: 0}
  m_PrefabInstance: {fileID: 100100000}
  m_PrefabAsset: {fileID: 0}
  m_GameObject: {fileID: 1474368526857140}
  m_LocalRotation: {x: -0.007749735, y: 3.576172E-06, z: -2.771543E-08, w: 0.99997}
  m_LocalPosition: {x: -3.705769E-24, y: 0.004489949, z: -5.960464E-10}
  m_LocalScale: {x: 1.000001, y: 1, z: 1.000003}
  m_Children:
  - {fileID: 4396509049445392}
  - {fileID: 4945766596284356}
  - {fileID: 4508294280804946}
  m_Father: {fileID: 4672183284139618}
  m_RootOrder: 0
  m_LocalEulerAnglesHint: {x: -0.8880631, y: -0.0004097622, z: 6.351693E-06}
--- !u!1 &1400551782457285
GameObject:
  m_CorrespondingSourceObject: {fileID: 0}
  m_PrefabInstance: {fileID: 100100000}
  m_PrefabAsset: {fileID: 0}
  serializedVersion: 5
  m_Component:
  - component: {fileID: 4396509049445392}
  - component: {fileID: 65262918687534515}
  - component: {fileID: 54536751947774753}
  m_Layer: 8
  m_Name: Neck1
  m_TagString: Untagged
  m_Icon: {fileID: 0}
  m_NavMeshLayer: 0
  m_StaticEditorFlags: 0
  m_IsActive: 1
--- !u!4 &4396509049445392
Transform:
  m_CorrespondingSourceObject: {fileID: 0}
  m_PrefabInstance: {fileID: 100100000}
  m_PrefabAsset: {fileID: 0}
  m_GameObject: {fileID: 1400551782457285}
  m_LocalRotation: {x: -0.1556814, y: -3.532675E-06, z: -5.567599E-07, w: 0.9878073}
  m_LocalPosition: {x: -6.814227E-15, y: 0.003373562, z: 5.960464E-10}
  m_LocalScale: {x: 1.000007, y: 1.000001, z: 1.000004}
  m_Children:
  - {fileID: 4365060725209328}
  m_Father: {fileID: 4160376298216435}
  m_RootOrder: 0
  m_LocalEulerAnglesHint: {x: -17.91263, y: 0.0004098114, z: -1.677638E-11}
--- !u!65 &65262918687534515
BoxCollider:
  m_CorrespondingSourceObject: {fileID: 0}
  m_PrefabInstance: {fileID: 100100000}
  m_PrefabAsset: {fileID: 0}
  m_GameObject: {fileID: 1400551782457285}
  m_Material: {fileID: 0}
  m_IsTrigger: 0
  m_Enabled: 1
  serializedVersion: 2
  m_Size: {x: 0.006603864, y: 0.002733564, z: 0.004389321}
  m_Center: {x: 2.980487E-10, y: -0.0006332133, z: -0.002194662}
--- !u!54 &54536751947774753
Rigidbody:
  m_CorrespondingSourceObject: {fileID: 0}
  m_PrefabInstance: {fileID: 100100000}
  m_PrefabAsset: {fileID: 0}
  m_GameObject: {fileID: 1400551782457285}
  serializedVersion: 2
  m_Mass: 3.125
  m_Drag: 0
  m_AngularDrag: 0.05
  m_UseGravity: 1
  m_IsKinematic: 0
  m_Interpolate: 0
  m_Constraints: 0
  m_CollisionDetection: 0
--- !u!1 &1891583530149867
GameObject:
  m_CorrespondingSourceObject: {fileID: 0}
  m_PrefabInstance: {fileID: 100100000}
  m_PrefabAsset: {fileID: 0}
  serializedVersion: 5
  m_Component:
  - component: {fileID: 4365060725209328}
  m_Layer: 8
  m_Name: Neck2
  m_TagString: Untagged
  m_Icon: {fileID: 0}
  m_NavMeshLayer: 0
  m_StaticEditorFlags: 0
  m_IsActive: 1
--- !u!4 &4365060725209328
Transform:
  m_CorrespondingSourceObject: {fileID: 0}
  m_PrefabInstance: {fileID: 100100000}
  m_PrefabAsset: {fileID: 0}
  m_GameObject: {fileID: 1891583530149867}
  m_LocalRotation: {x: -0.1032264, y: -4.547473E-13, z: 0, w: 0.9946579}
  m_LocalPosition: {x: -1.53313E-21, y: 0.001926097, z: 5.960464E-10}
  m_LocalScale: {x: 1.000001, y: 0.9999989, z: 1.000003}
  m_Children:
  - {fileID: 4659944441277229}
  m_Father: {fileID: 4396509049445392}
  m_RootOrder: 0
  m_LocalEulerAnglesHint: {x: -11.84998, y: 5.183182E-11, z: -5.379148E-12}
--- !u!1 &1330150007871174
GameObject:
  m_CorrespondingSourceObject: {fileID: 0}
  m_PrefabInstance: {fileID: 100100000}
  m_PrefabAsset: {fileID: 0}
  serializedVersion: 5
  m_Component:
  - component: {fileID: 4659944441277229}
  m_Layer: 8
  m_Name: Neck3
  m_TagString: Untagged
  m_Icon: {fileID: 0}
  m_NavMeshLayer: 0
  m_StaticEditorFlags: 0
  m_IsActive: 1
--- !u!4 &4659944441277229
Transform:
  m_CorrespondingSourceObject: {fileID: 0}
  m_PrefabInstance: {fileID: 100100000}
  m_PrefabAsset: {fileID: 0}
  m_GameObject: {fileID: 1330150007871174}
  m_LocalRotation: {x: -0.1128354, y: 1.184479E-07, z: -1.345093E-08, w: 0.9936137}
  m_LocalPosition: {x: 2.752857E-22, y: 0.001809309, z: 1.41561E-09}
  m_LocalScale: {x: 1.000004, y: 0.9999982, z: 1.000006}
  m_Children:
  - {fileID: 4819657263070369}
  m_Father: {fileID: 4365060725209328}
  m_RootOrder: 0
  m_LocalEulerAnglesHint: {x: -12.95758, y: -1.331253E-05, z: 3.06305E-06}
--- !u!1 &1283734454861815
GameObject:
  m_CorrespondingSourceObject: {fileID: 0}
  m_PrefabInstance: {fileID: 100100000}
  m_PrefabAsset: {fileID: 0}
  serializedVersion: 5
  m_Component:
  - component: {fileID: 4819657263070369}
  - component: {fileID: 135619158712480411}
  - component: {fileID: 54848245663534432}
  m_Layer: 8
  m_Name: Head
  m_TagString: Untagged
  m_Icon: {fileID: 0}
  m_NavMeshLayer: 0
  m_StaticEditorFlags: 0
  m_IsActive: 1
--- !u!4 &4819657263070369
Transform:
  m_CorrespondingSourceObject: {fileID: 0}
  m_PrefabInstance: {fileID: 100100000}
  m_PrefabAsset: {fileID: 0}
  m_GameObject: {fileID: 1283734454861815}
  m_LocalRotation: {x: -0.1030683, y: -1.185743E-07, z: -1.228701E-08, w: 0.9946743}
  m_LocalPosition: {x: -6.39562E-16, y: 0.0009757846, z: -5.960464E-10}
  m_LocalScale: {x: 1.000002, y: 0.9999971, z: 1.000005}
  m_Children:
  - {fileID: 4716932904136963}
  m_Father: {fileID: 4659944441277229}
  m_RootOrder: 0
  m_LocalEulerAnglesHint: {x: -11.83176, y: 1.366037E-05, z: 3.788882E-11}
--- !u!135 &135619158712480411
SphereCollider:
  m_CorrespondingSourceObject: {fileID: 0}
  m_PrefabInstance: {fileID: 100100000}
  m_PrefabAsset: {fileID: 0}
  m_GameObject: {fileID: 1283734454861815}
  m_Material: {fileID: 0}
  m_IsTrigger: 0
  m_Enabled: 1
  serializedVersion: 2
  m_Radius: 0.003
  m_Center: {x: 0, y: 0, z: 0}
--- !u!54 &54848245663534432
Rigidbody:
  m_CorrespondingSourceObject: {fileID: 0}
  m_PrefabInstance: {fileID: 100100000}
  m_PrefabAsset: {fileID: 0}
  m_GameObject: {fileID: 1283734454861815}
  serializedVersion: 2
  m_Mass: 1.25
  m_Drag: 0
  m_AngularDrag: 0.05
  m_UseGravity: 1
  m_IsKinematic: 0
  m_Interpolate: 0
  m_Constraints: 0
  m_CollisionDetection: 0
--- !u!1 &1791700882233236
GameObject:
  m_CorrespondingSourceObject: {fileID: 0}
  m_PrefabInstance: {fileID: 100100000}
  m_PrefabAsset: {fileID: 0}
  serializedVersion: 5
  m_Component:
  - component: {fileID: 4716932904136963}
  m_Layer: 8
  m_Name: Jaw
  m_TagString: Untagged
  m_Icon: {fileID: 0}
  m_NavMeshLayer: 0
  m_StaticEditorFlags: 0
  m_IsActive: 1
--- !u!4 &4716932904136963
Transform:
  m_CorrespondingSourceObject: {fileID: 0}
  m_PrefabInstance: {fileID: 100100000}
  m_PrefabAsset: {fileID: 0}
  m_GameObject: {fileID: 1791700882233236}
  m_LocalRotation: {x: -0.4916566, y: 3.091855E-10, z: 6.65584E-10, w: 0.8707892}
  m_LocalPosition: {x: -1.219727E-21, y: 0.0005284369, z: 2.980232E-10}
  m_LocalScale: {x: 1.000003, y: 0.9999896, z: 1.000012}
  m_Children:
  - {fileID: 4922309512416219}
  m_Father: {fileID: 4819657263070369}
  m_RootOrder: 0
  m_LocalEulerAnglesHint: {x: -58.89905, y: -6.835091E-08, z: -4.899594E-08}
--- !u!1 &1249597075627977
GameObject:
  m_CorrespondingSourceObject: {fileID: 0}
  m_PrefabInstance: {fileID: 100100000}
  m_PrefabAsset: {fileID: 0}
  serializedVersion: 5
  m_Component:
  - component: {fileID: 4922309512416219}
  m_Layer: 8
  m_Name: Jaw_end
  m_TagString: Untagged
  m_Icon: {fileID: 0}
  m_NavMeshLayer: 0
  m_StaticEditorFlags: 0
  m_IsActive: 1
--- !u!4 &4922309512416219
Transform:
  m_CorrespondingSourceObject: {fileID: 0}
  m_PrefabInstance: {fileID: 100100000}
  m_PrefabAsset: {fileID: 0}
  m_GameObject: {fileID: 1249597075627977}
  m_LocalRotation: {x: 0, y: 0, z: 0, w: 1}
  m_LocalPosition: {x: 0, y: 0.002373253, z: 0}
  m_LocalScale: {x: 1, y: 1, z: 1}
  m_Children: []
  m_Father: {fileID: 4716932904136963}
  m_RootOrder: 0
  m_LocalEulerAnglesHint: {x: 0, y: 0, z: 0}
--- !u!1 &1278955761735896
GameObject:
  m_CorrespondingSourceObject: {fileID: 0}
  m_PrefabInstance: {fileID: 100100000}
  m_PrefabAsset: {fileID: 0}
  serializedVersion: 5
  m_Component:
  - component: {fileID: 4945766596284356}
  m_Layer: 8
  m_Name: Shoulder.r
  m_TagString: Untagged
  m_Icon: {fileID: 0}
  m_NavMeshLayer: 0
  m_StaticEditorFlags: 0
  m_IsActive: 1
--- !u!4 &4945766596284356
Transform:
  m_CorrespondingSourceObject: {fileID: 0}
  m_PrefabInstance: {fileID: 100100000}
  m_PrefabAsset: {fileID: 0}
  m_GameObject: {fileID: 1278955761735896}
  m_LocalRotation: {x: -0.6437529, y: 0.3344332, z: 0.5046096, w: 0.4680875}
  m_LocalPosition: {x: -6.814227E-15, y: 0.003373562, z: 5.960464E-10}
  m_LocalScale: {x: 1.000004, y: 1.000004, z: 1.000003}
  m_Children:
  - {fileID: 4617527823982277}
  m_Father: {fileID: 4160376298216435}
  m_RootOrder: 1
  m_LocalEulerAnglesHint: {x: -101.2054, y: -74.31779, z: -8.899944}
--- !u!1 &1916538823634461
GameObject:
  m_CorrespondingSourceObject: {fileID: 0}
  m_PrefabInstance: {fileID: 100100000}
  m_PrefabAsset: {fileID: 0}
  serializedVersion: 5
  m_Component:
  - component: {fileID: 4617527823982277}
  - component: {fileID: 136659595471770769}
  - component: {fileID: 54310623505747359}
  m_Layer: 8
  m_Name: Uwing.r
  m_TagString: Untagged
  m_Icon: {fileID: 0}
  m_NavMeshLayer: 0
  m_StaticEditorFlags: 0
  m_IsActive: 1
--- !u!4 &4617527823982277
Transform:
  m_CorrespondingSourceObject: {fileID: 0}
  m_PrefabInstance: {fileID: 100100000}
  m_PrefabAsset: {fileID: 0}
  m_GameObject: {fileID: 1916538823634461}
  m_LocalRotation: {x: 0.09814115, y: 0.01420742, z: 0.1425661, w: 0.9848053}
  m_LocalPosition: {x: -4.842877E-10, y: 0.002189704, z: 1.043081E-09}
  m_LocalScale: {x: 0.9999999, y: 1.000002, z: 1.000003}
  m_Children:
  - {fileID: 4985368111190060}
  - {fileID: 4623437234389081}
  m_Father: {fileID: 4945766596284356}
  m_RootOrder: 0
  m_LocalEulerAnglesHint: {x: 11.38208, y: 6.93811E-06, z: -16.47449}
--- !u!136 &136659595471770769
CapsuleCollider:
  m_CorrespondingSourceObject: {fileID: 0}
  m_PrefabInstance: {fileID: 100100000}
  m_PrefabAsset: {fileID: 0}
  m_GameObject: {fileID: 1916538823634461}
  m_Material: {fileID: 0}
  m_IsTrigger: 0
  m_Enabled: 1
  m_Radius: 0.002281478
  m_Height: 0.009125913
  m_Direction: 1
  m_Center: {x: 0, y: 0.004562956, z: 0}
--- !u!54 &54310623505747359
Rigidbody:
  m_CorrespondingSourceObject: {fileID: 0}
  m_PrefabInstance: {fileID: 100100000}
  m_PrefabAsset: {fileID: 0}
  m_GameObject: {fileID: 1916538823634461}
  serializedVersion: 2
  m_Mass: 1.25
  m_Drag: 0
  m_AngularDrag: 0.05
  m_UseGravity: 1
  m_IsKinematic: 0
  m_Interpolate: 0
  m_Constraints: 0
  m_CollisionDetection: 0
--- !u!1 &1537114343489043
GameObject:
  m_CorrespondingSourceObject: {fileID: 0}
  m_PrefabInstance: {fileID: 100100000}
  m_PrefabAsset: {fileID: 0}
  serializedVersion: 5
  m_Component:
  - component: {fileID: 4985368111190060}
  m_Layer: 8
  m_Name: Mwing.r
  m_TagString: Untagged
  m_Icon: {fileID: 0}
  m_NavMeshLayer: 0
  m_StaticEditorFlags: 0
  m_IsActive: 1
--- !u!4 &4985368111190060
Transform:
  m_CorrespondingSourceObject: {fileID: 0}
  m_PrefabInstance: {fileID: 100100000}
  m_PrefabAsset: {fileID: 0}
  m_GameObject: {fileID: 1537114343489043}
  m_LocalRotation: {x: -0.2521607, y: -3.166496E-08, z: 1.285225E-07, w: -0.9676854}
  m_LocalPosition: {x: -1.490116E-10, y: 0.003991273, z: -7.45058E-11}
  m_LocalScale: {x: 1, y: 0.9999987, z: 1.000001}
  m_Children:
  - {fileID: 4843433677669297}
  - {fileID: 4521871770608692}
  - {fileID: 4718012792199334}
  m_Father: {fileID: 4617527823982277}
  m_RootOrder: 0
  m_LocalEulerAnglesHint: {x: 29.21082, y: -7.225004E-06, z: 1.33367E-05}
--- !u!1 &1427044586252335
GameObject:
  m_CorrespondingSourceObject: {fileID: 0}
  m_PrefabInstance: {fileID: 100100000}
  m_PrefabAsset: {fileID: 0}
  serializedVersion: 5
  m_Component:
  - component: {fileID: 4843433677669297}
  - component: {fileID: 136334282690810914}
  - component: {fileID: 54415004174195160}
  m_Layer: 8
  m_Name: Lwing.r
  m_TagString: Untagged
  m_Icon: {fileID: 0}
  m_NavMeshLayer: 0
  m_StaticEditorFlags: 0
  m_IsActive: 1
--- !u!4 &4843433677669297
Transform:
  m_CorrespondingSourceObject: {fileID: 0}
  m_PrefabInstance: {fileID: 100100000}
  m_PrefabAsset: {fileID: 0}
  m_GameObject: {fileID: 1427044586252335}
  m_LocalRotation: {x: 0.328815, y: 0.1410156, z: 0.3680529, w: -0.8582147}
  m_LocalPosition: {x: 1.387671E-09, y: 0.005882754, z: -7.45058E-10}
  m_LocalScale: {x: 1.000003, y: 1.000002, z: 1.000003}
  m_Children:
  - {fileID: 4942332372134348}
  m_Father: {fileID: 4985368111190060}
  m_RootOrder: 0
  m_LocalEulerAnglesHint: {x: -31.76058, y: 28.9526, z: 38.02362}
--- !u!136 &136334282690810914
CapsuleCollider:
  m_CorrespondingSourceObject: {fileID: 0}
  m_PrefabInstance: {fileID: 100100000}
  m_PrefabAsset: {fileID: 0}
  m_GameObject: {fileID: 1427044586252335}
  m_Material: {fileID: 0}
  m_IsTrigger: 0
  m_Enabled: 1
  m_Radius: 0.002
  m_Height: 0.0168833
  m_Direction: 1
  m_Center: {x: 0, y: 0.008441648, z: 0}
--- !u!54 &54415004174195160
Rigidbody:
  m_CorrespondingSourceObject: {fileID: 0}
  m_PrefabInstance: {fileID: 100100000}
  m_PrefabAsset: {fileID: 0}
  m_GameObject: {fileID: 1427044586252335}
  serializedVersion: 2
  m_Mass: 1.25
  m_Drag: 0
  m_AngularDrag: 0.05
  m_UseGravity: 1
  m_IsKinematic: 0
  m_Interpolate: 0
  m_Constraints: 0
  m_CollisionDetection: 0
--- !u!1 &1829113120390323
GameObject:
  m_CorrespondingSourceObject: {fileID: 0}
  m_PrefabInstance: {fileID: 100100000}
  m_PrefabAsset: {fileID: 0}
  serializedVersion: 5
  m_Component:
  - component: {fileID: 4942332372134348}
  m_Layer: 8
  m_Name: Lwing.r_end
  m_TagString: Untagged
  m_Icon: {fileID: 0}
  m_NavMeshLayer: 0
  m_StaticEditorFlags: 0
  m_IsActive: 1
--- !u!4 &4942332372134348
Transform:
  m_CorrespondingSourceObject: {fileID: 0}
  m_PrefabInstance: {fileID: 100100000}
  m_PrefabAsset: {fileID: 0}
  m_GameObject: {fileID: 1829113120390323}
  m_LocalRotation: {x: 0, y: 0, z: 0, w: 1}
  m_LocalPosition: {x: 0, y: 0.0168833, z: 0}
  m_LocalScale: {x: 1, y: 1, z: 1}
  m_Children: []
  m_Father: {fileID: 4843433677669297}
  m_RootOrder: 0
  m_LocalEulerAnglesHint: {x: 0, y: 0, z: 0}
--- !u!1 &1406162493957009
GameObject:
  m_CorrespondingSourceObject: {fileID: 0}
  m_PrefabInstance: {fileID: 100100000}
  m_PrefabAsset: {fileID: 0}
  serializedVersion: 5
  m_Component:
  - component: {fileID: 4521871770608692}
  m_Layer: 8
  m_Name: Mwingfold.r
  m_TagString: Untagged
  m_Icon: {fileID: 0}
  m_NavMeshLayer: 0
  m_StaticEditorFlags: 0
  m_IsActive: 1
--- !u!4 &4521871770608692
Transform:
  m_CorrespondingSourceObject: {fileID: 0}
  m_PrefabInstance: {fileID: 100100000}
  m_PrefabAsset: {fileID: 0}
  m_GameObject: {fileID: 1406162493957009}
  m_LocalRotation: {x: 0.8033928, y: -2.43018E-07, z: 4.224476E-07, w: -0.5954494}
  m_LocalPosition: {x: 1.387671E-09, y: 0.005882754, z: -7.45058E-10}
  m_LocalScale: {x: 1.000001, y: 1.000003, z: 1.000001}
  m_Children:
  - {fileID: 4568858052701906}
  m_Father: {fileID: 4985368111190060}
  m_RootOrder: 1
  m_LocalEulerAnglesHint: {x: -106.9107, y: 2.230942E-05, z: 5.11978E-05}
--- !u!1 &1047114363826202
GameObject:
  m_CorrespondingSourceObject: {fileID: 0}
  m_PrefabInstance: {fileID: 100100000}
  m_PrefabAsset: {fileID: 0}
  serializedVersion: 5
  m_Component:
  - component: {fileID: 4568858052701906}
  m_Layer: 8
  m_Name: Mwingfold.r_end
  m_TagString: Untagged
  m_Icon: {fileID: 0}
  m_NavMeshLayer: 0
  m_StaticEditorFlags: 0
  m_IsActive: 1
--- !u!4 &4568858052701906
Transform:
  m_CorrespondingSourceObject: {fileID: 0}
  m_PrefabInstance: {fileID: 100100000}
  m_PrefabAsset: {fileID: 0}
  m_GameObject: {fileID: 1047114363826202}
  m_LocalRotation: {x: 0, y: 0, z: 0, w: 1}
  m_LocalPosition: {x: 0, y: 0.01812357, z: 0}
  m_LocalScale: {x: 1, y: 1, z: 1}
  m_Children: []
  m_Father: {fileID: 4521871770608692}
  m_RootOrder: 0
  m_LocalEulerAnglesHint: {x: 0, y: 0, z: 0}
--- !u!1 &1599518858664376
GameObject:
  m_CorrespondingSourceObject: {fileID: 0}
  m_PrefabInstance: {fileID: 100100000}
  m_PrefabAsset: {fileID: 0}
  serializedVersion: 5
  m_Component:
  - component: {fileID: 4718012792199334}
  m_Layer: 8
  m_Name: Lwingfold.r
  m_TagString: Untagged
  m_Icon: {fileID: 0}
  m_NavMeshLayer: 0
  m_StaticEditorFlags: 0
  m_IsActive: 1
--- !u!4 &4718012792199334
Transform:
  m_CorrespondingSourceObject: {fileID: 0}
  m_PrefabInstance: {fileID: 100100000}
  m_PrefabAsset: {fileID: 0}
  m_GameObject: {fileID: 1599518858664376}
  m_LocalRotation: {x: 0.6670085, y: -1.693162E-07, z: 1.835385E-07, w: -0.7450502}
  m_LocalPosition: {x: 1.387671E-09, y: 0.005882754, z: -7.45058E-10}
  m_LocalScale: {x: 1.000003, y: 1.000005, z: 1.000003}
  m_Children:
  - {fileID: 4000994553003648}
  m_Father: {fileID: 4985368111190060}
  m_RootOrder: 2
  m_LocalEulerAnglesHint: {x: -83.67319, y: -4.271219E-07, z: 2.861131E-05}
--- !u!1 &1140111569892484
GameObject:
  m_CorrespondingSourceObject: {fileID: 0}
  m_PrefabInstance: {fileID: 100100000}
  m_PrefabAsset: {fileID: 0}
  serializedVersion: 5
  m_Component:
  - component: {fileID: 4000994553003648}
  m_Layer: 8
  m_Name: Lwingfold.r_end
  m_TagString: Untagged
  m_Icon: {fileID: 0}
  m_NavMeshLayer: 0
  m_StaticEditorFlags: 0
  m_IsActive: 1
--- !u!4 &4000994553003648
Transform:
  m_CorrespondingSourceObject: {fileID: 0}
  m_PrefabInstance: {fileID: 100100000}
  m_PrefabAsset: {fileID: 0}
  m_GameObject: {fileID: 1140111569892484}
  m_LocalRotation: {x: 0, y: 0, z: 0, w: 1}
  m_LocalPosition: {x: 0, y: 0.01825126, z: 0}
  m_LocalScale: {x: 1, y: 1, z: 1}
  m_Children: []
  m_Father: {fileID: 4718012792199334}
  m_RootOrder: 0
  m_LocalEulerAnglesHint: {x: 0, y: 0, z: 0}
--- !u!1 &1567439240482329
GameObject:
  m_CorrespondingSourceObject: {fileID: 0}
  m_PrefabInstance: {fileID: 100100000}
  m_PrefabAsset: {fileID: 0}
  serializedVersion: 5
  m_Component:
  - component: {fileID: 4623437234389081}
  m_Layer: 8
  m_Name: Uwingfold.r
  m_TagString: Untagged
  m_Icon: {fileID: 0}
  m_NavMeshLayer: 0
  m_StaticEditorFlags: 0
  m_IsActive: 1
--- !u!4 &4623437234389081
Transform:
  m_CorrespondingSourceObject: {fileID: 0}
  m_PrefabInstance: {fileID: 100100000}
  m_PrefabAsset: {fileID: 0}
  m_GameObject: {fileID: 1567439240482329}
  m_LocalRotation: {x: -5.345792E-07, y: 0.7308745, z: -0.682512, w: 5.569309E-07}
  m_LocalPosition: {x: -1.490116E-10, y: 0.003991273, z: -7.45058E-11}
  m_LocalScale: {x: 1.000004, y: 1.000003, z: 1.000002}
  m_Children:
  - {fileID: 4357082221575636}
  m_Father: {fileID: 4617527823982277}
  m_RootOrder: 1
  m_LocalEulerAnglesHint: {x: -93.9195, y: -4.834606E-06, z: 179.9999}
--- !u!1 &1398841510206467
GameObject:
  m_CorrespondingSourceObject: {fileID: 0}
  m_PrefabInstance: {fileID: 100100000}
  m_PrefabAsset: {fileID: 0}
  serializedVersion: 5
  m_Component:
  - component: {fileID: 4357082221575636}
  m_Layer: 8
  m_Name: Uwingfold.r_end
  m_TagString: Untagged
  m_Icon: {fileID: 0}
  m_NavMeshLayer: 0
  m_StaticEditorFlags: 0
  m_IsActive: 1
--- !u!4 &4357082221575636
Transform:
  m_CorrespondingSourceObject: {fileID: 0}
  m_PrefabInstance: {fileID: 100100000}
  m_PrefabAsset: {fileID: 0}
  m_GameObject: {fileID: 1398841510206467}
  m_LocalRotation: {x: 0, y: 0, z: 0, w: 1}
  m_LocalPosition: {x: 0, y: 0.01087039, z: 0}
  m_LocalScale: {x: 1, y: 1, z: 1}
  m_Children: []
  m_Father: {fileID: 4623437234389081}
  m_RootOrder: 0
  m_LocalEulerAnglesHint: {x: 0, y: 0, z: 0}
--- !u!1 &1997701650741696
GameObject:
  m_CorrespondingSourceObject: {fileID: 0}
  m_PrefabInstance: {fileID: 100100000}
  m_PrefabAsset: {fileID: 0}
  serializedVersion: 5
  m_Component:
  - component: {fileID: 4508294280804946}
  m_Layer: 8
  m_Name: Shoulder.l
  m_TagString: Untagged
  m_Icon: {fileID: 0}
  m_NavMeshLayer: 0
  m_StaticEditorFlags: 0
  m_IsActive: 1
--- !u!4 &4508294280804946
Transform:
  m_CorrespondingSourceObject: {fileID: 0}
  m_PrefabInstance: {fileID: 100100000}
  m_PrefabAsset: {fileID: 0}
  m_GameObject: {fileID: 1997701650741696}
  m_LocalRotation: {x: -0.6437493, y: -0.3344366, z: -0.5046142, w: 0.468085}
  m_LocalPosition: {x: -6.806023E-15, y: 0.003373562, z: 5.960464E-10}
  m_LocalScale: {x: 1.000003, y: 1.000004, z: 1.000002}
  m_Children:
  - {fileID: 4225509228927089}
  m_Father: {fileID: 4160376298216435}
  m_RootOrder: 2
  m_LocalEulerAnglesHint: {x: -101.2049, y: 74.3186, z: 8.900346}
--- !u!1 &1009321099154420
GameObject:
  m_CorrespondingSourceObject: {fileID: 0}
  m_PrefabInstance: {fileID: 100100000}
  m_PrefabAsset: {fileID: 0}
  serializedVersion: 5
  m_Component:
  - component: {fileID: 4225509228927089}
  - component: {fileID: 136634772295279557}
  - component: {fileID: 54512593049518792}
  m_Layer: 8
  m_Name: Uwing.l
  m_TagString: Untagged
  m_Icon: {fileID: 0}
  m_NavMeshLayer: 0
  m_StaticEditorFlags: 0
  m_IsActive: 1
--- !u!4 &4225509228927089
Transform:
  m_CorrespondingSourceObject: {fileID: 0}
  m_PrefabInstance: {fileID: 100100000}
  m_PrefabAsset: {fileID: 0}
  m_GameObject: {fileID: 1009321099154420}
  m_LocalRotation: {x: -0.09814103, y: 0.01420735, z: 0.1425661, w: -0.9848053}
  m_LocalPosition: {x: -7.45058E-11, y: 0.002189705, z: 7.823109E-10}
  m_LocalScale: {x: 1, y: 1, z: 1.000003}
  m_Children:
  - {fileID: 4240674062596031}
  - {fileID: 4439305482395406}
  m_Father: {fileID: 4508294280804946}
  m_RootOrder: 0
  m_LocalEulerAnglesHint: {x: 11.38207, y: -1.275621E-05, z: 16.47449}
--- !u!136 &136634772295279557
CapsuleCollider:
  m_CorrespondingSourceObject: {fileID: 0}
  m_PrefabInstance: {fileID: 100100000}
  m_PrefabAsset: {fileID: 0}
  m_GameObject: {fileID: 1009321099154420}
  m_Material: {fileID: 0}
  m_IsTrigger: 0
  m_Enabled: 1
  m_Radius: 0.002281481
  m_Height: 0.009125925
  m_Direction: 1
  m_Center: {x: 0, y: 0.004562962, z: 0}
--- !u!54 &54512593049518792
Rigidbody:
  m_CorrespondingSourceObject: {fileID: 0}
  m_PrefabInstance: {fileID: 100100000}
  m_PrefabAsset: {fileID: 0}
  m_GameObject: {fileID: 1009321099154420}
  serializedVersion: 2
  m_Mass: 1.25
  m_Drag: 0
  m_AngularDrag: 0.05
  m_UseGravity: 1
  m_IsKinematic: 0
  m_Interpolate: 0
  m_Constraints: 0
  m_CollisionDetection: 0
--- !u!1 &1340050941606027
GameObject:
  m_CorrespondingSourceObject: {fileID: 0}
  m_PrefabInstance: {fileID: 100100000}
  m_PrefabAsset: {fileID: 0}
  serializedVersion: 5
  m_Component:
  - component: {fileID: 4240674062596031}
  m_Layer: 8
  m_Name: Mwing.l
  m_TagString: Untagged
  m_Icon: {fileID: 0}
  m_NavMeshLayer: 0
  m_StaticEditorFlags: 0
  m_IsActive: 1
--- !u!4 &4240674062596031
Transform:
  m_CorrespondingSourceObject: {fileID: 0}
  m_PrefabInstance: {fileID: 100100000}
  m_PrefabAsset: {fileID: 0}
  m_GameObject: {fileID: 1340050941606027}
  m_LocalRotation: {x: -0.2521611, y: -1.024455E-08, z: -2.193265E-07, w: -0.9676853}
  m_LocalPosition: {x: -1.247972E-09, y: 0.003991273, z: -2.607703E-10}
  m_LocalScale: {x: 1.000001, y: 1, z: 1.000002}
  m_Children:
  - {fileID: 4232147058804132}
  - {fileID: 4903038262163891}
  - {fileID: 4216591848470757}
  m_Father: {fileID: 4225509228927089}
  m_RootOrder: 0
  m_LocalEulerAnglesHint: {x: 29.21086, y: 5.20155E-06, z: -2.461682E-05}
--- !u!1 &1581066197233931
GameObject:
  m_CorrespondingSourceObject: {fileID: 0}
  m_PrefabInstance: {fileID: 100100000}
  m_PrefabAsset: {fileID: 0}
  serializedVersion: 5
  m_Component:
  - component: {fileID: 4232147058804132}
  - component: {fileID: 136803868140443820}
  - component: {fileID: 54223933090353054}
  m_Layer: 8
  m_Name: Lwing.l
  m_TagString: Untagged
  m_Icon: {fileID: 0}
  m_NavMeshLayer: 0
  m_StaticEditorFlags: 0
  m_IsActive: 1
--- !u!4 &4232147058804132
Transform:
  m_CorrespondingSourceObject: {fileID: 0}
  m_PrefabInstance: {fileID: 100100000}
  m_PrefabAsset: {fileID: 0}
  m_GameObject: {fileID: 1581066197233931}
  m_LocalRotation: {x: 0.3355358, y: -0.1241797, z: -0.32411, w: -0.8757556}
  m_LocalPosition: {x: 2.980232E-09, y: 0.005882759, z: -1.192093E-09}
  m_LocalScale: {x: 1, y: 1.000001, z: 1.000003}
  m_Children:
  - {fileID: 4615368160849533}
  m_Father: {fileID: 4240674062596031}
  m_RootOrder: 0
  m_LocalEulerAnglesHint: {x: -34.28334, y: -25.78549, z: -32.54141}
--- !u!136 &136803868140443820
CapsuleCollider:
  m_CorrespondingSourceObject: {fileID: 0}
  m_PrefabInstance: {fileID: 100100000}
  m_PrefabAsset: {fileID: 0}
  m_GameObject: {fileID: 1581066197233931}
  m_Material: {fileID: 0}
  m_IsTrigger: 0
  m_Enabled: 1
  m_Radius: 0.002
  m_Height: 0.01688331
  m_Direction: 1
  m_Center: {x: 0, y: 0.008441655, z: 0}
--- !u!54 &54223933090353054
Rigidbody:
  m_CorrespondingSourceObject: {fileID: 0}
  m_PrefabInstance: {fileID: 100100000}
  m_PrefabAsset: {fileID: 0}
  m_GameObject: {fileID: 1581066197233931}
  serializedVersion: 2
  m_Mass: 1.25
  m_Drag: 0
  m_AngularDrag: 0.05
  m_UseGravity: 1
  m_IsKinematic: 0
  m_Interpolate: 0
  m_Constraints: 0
  m_CollisionDetection: 0
--- !u!1 &1177807359182507
GameObject:
  m_CorrespondingSourceObject: {fileID: 0}
  m_PrefabInstance: {fileID: 100100000}
  m_PrefabAsset: {fileID: 0}
  serializedVersion: 5
  m_Component:
  - component: {fileID: 4615368160849533}
  m_Layer: 8
  m_Name: Lwing.l_end
  m_TagString: Untagged
  m_Icon: {fileID: 0}
  m_NavMeshLayer: 0
  m_StaticEditorFlags: 0
  m_IsActive: 1
--- !u!4 &4615368160849533
Transform:
  m_CorrespondingSourceObject: {fileID: 0}
  m_PrefabInstance: {fileID: 100100000}
  m_PrefabAsset: {fileID: 0}
  m_GameObject: {fileID: 1177807359182507}
  m_LocalRotation: {x: 0, y: 0, z: 0, w: 1}
  m_LocalPosition: {x: 0, y: 0.0168833, z: 0}
  m_LocalScale: {x: 1, y: 1, z: 1}
  m_Children: []
  m_Father: {fileID: 4232147058804132}
  m_RootOrder: 0
  m_LocalEulerAnglesHint: {x: 0, y: 0, z: 0}
--- !u!1 &1128095594629905
GameObject:
  m_CorrespondingSourceObject: {fileID: 0}
  m_PrefabInstance: {fileID: 100100000}
  m_PrefabAsset: {fileID: 0}
  serializedVersion: 5
  m_Component:
  - component: {fileID: 4903038262163891}
  m_Layer: 8
  m_Name: Mwingfold.l
  m_TagString: Untagged
  m_Icon: {fileID: 0}
  m_NavMeshLayer: 0
  m_StaticEditorFlags: 0
  m_IsActive: 1
--- !u!4 &4903038262163891
Transform:
  m_CorrespondingSourceObject: {fileID: 0}
  m_PrefabInstance: {fileID: 100100000}
  m_PrefabAsset: {fileID: 0}
  m_GameObject: {fileID: 1128095594629905}
  m_LocalRotation: {x: -0.803393, y: -2.023372E-07, z: 3.919163E-07, w: 0.5954492}
  m_LocalPosition: {x: 2.980232E-09, y: 0.005882759, z: -1.192093E-09}
  m_LocalScale: {x: 0.9999998, y: 1.000002, z: 1}
  m_Children:
  - {fileID: 4840686911808136}
  m_Father: {fileID: 4240674062596031}
  m_RootOrder: 1
  m_LocalEulerAnglesHint: {x: -106.9107, y: -2.227445E-05, z: -4.536937E-05}
--- !u!1 &1908004805099319
GameObject:
  m_CorrespondingSourceObject: {fileID: 0}
  m_PrefabInstance: {fileID: 100100000}
  m_PrefabAsset: {fileID: 0}
  serializedVersion: 5
  m_Component:
  - component: {fileID: 4840686911808136}
  m_Layer: 8
  m_Name: Mwingfold.l_end
  m_TagString: Untagged
  m_Icon: {fileID: 0}
  m_NavMeshLayer: 0
  m_StaticEditorFlags: 0
  m_IsActive: 1
--- !u!4 &4840686911808136
Transform:
  m_CorrespondingSourceObject: {fileID: 0}
  m_PrefabInstance: {fileID: 100100000}
  m_PrefabAsset: {fileID: 0}
  m_GameObject: {fileID: 1908004805099319}
  m_LocalRotation: {x: 0, y: 0, z: 0, w: 1}
  m_LocalPosition: {x: 0, y: 0.01812357, z: 0}
  m_LocalScale: {x: 1, y: 1, z: 1}
  m_Children: []
  m_Father: {fileID: 4903038262163891}
  m_RootOrder: 0
  m_LocalEulerAnglesHint: {x: 0, y: 0, z: 0}
--- !u!1 &1946965741585842
GameObject:
  m_CorrespondingSourceObject: {fileID: 0}
  m_PrefabInstance: {fileID: 100100000}
  m_PrefabAsset: {fileID: 0}
  serializedVersion: 5
  m_Component:
  - component: {fileID: 4216591848470757}
  m_Layer: 8
  m_Name: Lwingfold.l
  m_TagString: Untagged
  m_Icon: {fileID: 0}
  m_NavMeshLayer: 0
  m_StaticEditorFlags: 0
  m_IsActive: 1
--- !u!4 &4216591848470757
Transform:
  m_CorrespondingSourceObject: {fileID: 0}
  m_PrefabInstance: {fileID: 100100000}
  m_PrefabAsset: {fileID: 0}
  m_GameObject: {fileID: 1946965741585842}
  m_LocalRotation: {x: -0.6670086, y: 7.39098E-08, z: -1.148247E-07, w: 0.7450501}
  m_LocalPosition: {x: 2.980232E-09, y: 0.005882759, z: -1.192093E-09}
  m_LocalScale: {x: 1.000003, y: 1.000004, z: 1.000003}
  m_Children:
  - {fileID: 4971124669136236}
  m_Father: {fileID: 4240674062596031}
  m_RootOrder: 2
  m_LocalEulerAnglesHint: {x: -83.67321, y: 2.466302E-06, z: 1.545251E-05}
--- !u!1 &1317540616126302
GameObject:
  m_CorrespondingSourceObject: {fileID: 0}
  m_PrefabInstance: {fileID: 100100000}
  m_PrefabAsset: {fileID: 0}
  serializedVersion: 5
  m_Component:
  - component: {fileID: 4971124669136236}
  m_Layer: 8
  m_Name: Lwingfold.l_end
  m_TagString: Untagged
  m_Icon: {fileID: 0}
  m_NavMeshLayer: 0
  m_StaticEditorFlags: 0
  m_IsActive: 1
--- !u!4 &4971124669136236
Transform:
  m_CorrespondingSourceObject: {fileID: 0}
  m_PrefabInstance: {fileID: 100100000}
  m_PrefabAsset: {fileID: 0}
  m_GameObject: {fileID: 1317540616126302}
  m_LocalRotation: {x: 0, y: 0, z: 0, w: 1}
  m_LocalPosition: {x: 0, y: 0.01825126, z: 0}
  m_LocalScale: {x: 1, y: 1, z: 1}
  m_Children: []
  m_Father: {fileID: 4216591848470757}
  m_RootOrder: 0
  m_LocalEulerAnglesHint: {x: 0, y: 0, z: 0}
--- !u!1 &1612646433497249
GameObject:
  m_CorrespondingSourceObject: {fileID: 0}
  m_PrefabInstance: {fileID: 100100000}
  m_PrefabAsset: {fileID: 0}
  serializedVersion: 5
  m_Component:
  - component: {fileID: 4439305482395406}
  m_Layer: 8
  m_Name: Uwingfold.l
  m_TagString: Untagged
  m_Icon: {fileID: 0}
  m_NavMeshLayer: 0
  m_StaticEditorFlags: 0
  m_IsActive: 1
--- !u!4 &4439305482395406
Transform:
  m_CorrespondingSourceObject: {fileID: 0}
  m_PrefabInstance: {fileID: 100100000}
  m_PrefabAsset: {fileID: 0}
  m_GameObject: {fileID: 1612646433497249}
  m_LocalRotation: {x: 4.181637E-07, y: 0.7308746, z: -0.6825118, w: -5.243345E-07}
  m_LocalPosition: {x: -1.247972E-09, y: 0.003991273, z: -2.607703E-10}
  m_LocalScale: {x: 1.000005, y: 1.000005, z: 1.000003}
  m_Children:
  - {fileID: 4450195440457115}
  m_Father: {fileID: 4225509228927089}
  m_RootOrder: 1
  m_LocalEulerAnglesHint: {x: -93.91953, y: 1.120947E-05, z: -179.9999}
--- !u!1 &1342360009177588
GameObject:
  m_CorrespondingSourceObject: {fileID: 0}
  m_PrefabInstance: {fileID: 100100000}
  m_PrefabAsset: {fileID: 0}
  serializedVersion: 5
  m_Component:
  - component: {fileID: 4450195440457115}
  m_Layer: 8
  m_Name: Uwingfold.l_end
  m_TagString: Untagged
  m_Icon: {fileID: 0}
  m_NavMeshLayer: 0
  m_StaticEditorFlags: 0
  m_IsActive: 1
--- !u!4 &4450195440457115
Transform:
  m_CorrespondingSourceObject: {fileID: 0}
  m_PrefabInstance: {fileID: 100100000}
  m_PrefabAsset: {fileID: 0}
  m_GameObject: {fileID: 1342360009177588}
  m_LocalRotation: {x: 0, y: 0, z: 0, w: 1}
  m_LocalPosition: {x: 0, y: 0.01087039, z: 0}
  m_LocalScale: {x: 1, y: 1, z: 1}
  m_Children: []
  m_Father: {fileID: 4439305482395406}
  m_RootOrder: 0
  m_LocalEulerAnglesHint: {x: 0, y: 0, z: 0}
--- !u!1 &1247001429285994
GameObject:
  m_CorrespondingSourceObject: {fileID: 0}
  m_PrefabInstance: {fileID: 100100000}
  m_PrefabAsset: {fileID: 0}
  serializedVersion: 5
  m_Component:
  - component: {fileID: 4493940818595248}
  - component: {fileID: 136735817285204563}
  - component: {fileID: 54302847150742477}
  m_Layer: 8
  m_Name: Tail1
  m_TagString: Untagged
  m_Icon: {fileID: 0}
  m_NavMeshLayer: 0
  m_StaticEditorFlags: 0
  m_IsActive: 1
--- !u!4 &4493940818595248
Transform:
  m_CorrespondingSourceObject: {fileID: 0}
  m_PrefabInstance: {fileID: 100100000}
  m_PrefabAsset: {fileID: 0}
  m_GameObject: {fileID: 1247001429285994}
  m_LocalRotation: {x: -0.999959, y: 1.900558E-06, z: -3.562951E-06, w: 0.009061813}
  m_LocalPosition: {x: 0, y: 0.02291119, z: 0}
  m_LocalScale: {x: 1, y: 1.000004, z: 1.000001}
  m_Children:
  - {fileID: 4809823304937251}
  m_Father: {fileID: 4832455672958779}
  m_RootOrder: 1
  m_LocalEulerAnglesHint: {x: -178.9616, y: 0.0004062938, z: 0.0002214788}
--- !u!136 &136735817285204563
CapsuleCollider:
  m_CorrespondingSourceObject: {fileID: 0}
  m_PrefabInstance: {fileID: 100100000}
  m_PrefabAsset: {fileID: 0}
  m_GameObject: {fileID: 1247001429285994}
  m_Material: {fileID: 0}
  m_IsTrigger: 0
  m_Enabled: 1
  m_Radius: 0.002
  m_Height: 0.01013773
  m_Direction: 1
  m_Center: {x: 0, y: 0, z: 0}
--- !u!54 &54302847150742477
Rigidbody:
  m_CorrespondingSourceObject: {fileID: 0}
  m_PrefabInstance: {fileID: 100100000}
  m_PrefabAsset: {fileID: 0}
  m_GameObject: {fileID: 1247001429285994}
  serializedVersion: 2
  m_Mass: 1.875
  m_Drag: 0
  m_AngularDrag: 0.05
  m_UseGravity: 1
  m_IsKinematic: 0
  m_Interpolate: 0
  m_Constraints: 0
  m_CollisionDetection: 0
--- !u!1 &1195484575236115
GameObject:
  m_CorrespondingSourceObject: {fileID: 0}
  m_PrefabInstance: {fileID: 100100000}
  m_PrefabAsset: {fileID: 0}
  serializedVersion: 5
  m_Component:
  - component: {fileID: 4809823304937251}
  - component: {fileID: 136806096056232862}
  - component: {fileID: 54296533039490377}
  m_Layer: 8
  m_Name: Tail2
  m_TagString: Untagged
  m_Icon: {fileID: 0}
  m_NavMeshLayer: 0
  m_StaticEditorFlags: 0
  m_IsActive: 1
--- !u!4 &4809823304937251
Transform:
  m_CorrespondingSourceObject: {fileID: 0}
  m_PrefabInstance: {fileID: 100100000}
  m_PrefabAsset: {fileID: 0}
  m_GameObject: {fileID: 1195484575236115}
  m_LocalRotation: {x: -0.1586481, y: -3.056255E-06, z: -5.191056E-07, w: 0.9873352}
  m_LocalPosition: {x: 6.466009E-15, y: 0.006054725, z: 5.960464E-10}
  m_LocalScale: {x: 1.000004, y: 1.000004, z: 0.9999987}
  m_Children:
  - {fileID: 4330735043610862}
  m_Father: {fileID: 4493940818595248}
  m_RootOrder: 0
  m_LocalEulerAnglesHint: {x: -18.25687, y: 0.0003552227, z: 3.169851E-06}
--- !u!136 &136806096056232862
CapsuleCollider:
  m_CorrespondingSourceObject: {fileID: 0}
  m_PrefabInstance: {fileID: 100100000}
  m_PrefabAsset: {fileID: 0}
  m_GameObject: {fileID: 1195484575236115}
  m_Material: {fileID: 0}
  m_IsTrigger: 0
  m_Enabled: 1
  m_Radius: 0.002
  m_Height: 0.009954765
  m_Direction: 1
  m_Center: {x: 0, y: 0, z: 0}
--- !u!54 &54296533039490377
Rigidbody:
  m_CorrespondingSourceObject: {fileID: 0}
  m_PrefabInstance: {fileID: 100100000}
  m_PrefabAsset: {fileID: 0}
  m_GameObject: {fileID: 1195484575236115}
  serializedVersion: 2
  m_Mass: 1.875
  m_Drag: 0
  m_AngularDrag: 0.05
  m_UseGravity: 1
  m_IsKinematic: 0
  m_Interpolate: 0
  m_Constraints: 0
  m_CollisionDetection: 0
--- !u!1 &1987864248033393
GameObject:
  m_CorrespondingSourceObject: {fileID: 0}
  m_PrefabInstance: {fileID: 100100000}
  m_PrefabAsset: {fileID: 0}
  serializedVersion: 5
  m_Component:
  - component: {fileID: 4330735043610862}
  - component: {fileID: 136619061013511644}
  - component: {fileID: 54945528839106256}
  m_Layer: 8
  m_Name: Tail3
  m_TagString: Untagged
  m_Icon: {fileID: 0}
  m_NavMeshLayer: 0
  m_StaticEditorFlags: 0
  m_IsActive: 1
--- !u!4 &4330735043610862
Transform:
  m_CorrespondingSourceObject: {fileID: 0}
  m_PrefabInstance: {fileID: 100100000}
  m_PrefabAsset: {fileID: 0}
  m_GameObject: {fileID: 1987864248033393}
  m_LocalRotation: {x: -0.1789856, y: 1.045797E-06, z: 2.418934E-07, w: 0.9838517}
  m_LocalPosition: {x: -3.377517E-16, y: 0.004085216, z: -1.41561E-09}
  m_LocalScale: {x: 1.000003, y: 1.000005, z: 1.000001}
  m_Children:
  - {fileID: 4691187896247228}
  m_Father: {fileID: 4809823304937251}
  m_RootOrder: 0
  m_LocalEulerAnglesHint: {x: -20.62136, y: -0.0001228656, z: -5.821772E-06}
--- !u!136 &136619061013511644
CapsuleCollider:
  m_CorrespondingSourceObject: {fileID: 0}
  m_PrefabInstance: {fileID: 100100000}
  m_PrefabAsset: {fileID: 0}
  m_GameObject: {fileID: 1987864248033393}
  m_Material: {fileID: 0}
  m_IsTrigger: 0
  m_Enabled: 1
  m_Radius: 0.002604677
  m_Height: 0.01041871
  m_Direction: 1
  m_Center: {x: 0, y: 0.005209355, z: 0}
--- !u!54 &54945528839106256
Rigidbody:
  m_CorrespondingSourceObject: {fileID: 0}
  m_PrefabInstance: {fileID: 100100000}
  m_PrefabAsset: {fileID: 0}
  m_GameObject: {fileID: 1987864248033393}
  serializedVersion: 2
  m_Mass: 1.875
  m_Drag: 0
  m_AngularDrag: 0.05
  m_UseGravity: 1
  m_IsKinematic: 0
  m_Interpolate: 0
  m_Constraints: 0
  m_CollisionDetection: 0
--- !u!1 &1848708018613963
GameObject:
  m_CorrespondingSourceObject: {fileID: 0}
  m_PrefabInstance: {fileID: 100100000}
  m_PrefabAsset: {fileID: 0}
  serializedVersion: 5
  m_Component:
  - component: {fileID: 4691187896247228}
  m_Layer: 8
  m_Name: Tail4
  m_TagString: Untagged
  m_Icon: {fileID: 0}
  m_NavMeshLayer: 0
  m_StaticEditorFlags: 0
  m_IsActive: 1
--- !u!4 &4691187896247228
Transform:
  m_CorrespondingSourceObject: {fileID: 0}
  m_PrefabInstance: {fileID: 100100000}
  m_PrefabAsset: {fileID: 0}
  m_GameObject: {fileID: 1848708018613963}
  m_LocalRotation: {x: 0.003197255, y: -1.192086E-06, z: 8.385895E-09, w: 0.9999949}
  m_LocalPosition: {x: 1.066855E-17, y: 0.003826827, z: -4.470348E-10}
  m_LocalScale: {x: 1.000005, y: 1.000002, z: 0.9999991}
  m_Children:
  - {fileID: 4856098816432804}
  m_Father: {fileID: 4330735043610862}
  m_RootOrder: 0
  m_LocalEulerAnglesHint: {x: 0.366379, y: 0.0001366054, z: -5.241931E-07}
--- !u!1 &1700129576820691
GameObject:
  m_CorrespondingSourceObject: {fileID: 0}
  m_PrefabInstance: {fileID: 100100000}
  m_PrefabAsset: {fileID: 0}
  serializedVersion: 5
  m_Component:
  - component: {fileID: 4856098816432804}
  m_Layer: 8
  m_Name: Tail5
  m_TagString: Untagged
  m_Icon: {fileID: 0}
  m_NavMeshLayer: 0
  m_StaticEditorFlags: 0
  m_IsActive: 1
--- !u!4 &4856098816432804
Transform:
  m_CorrespondingSourceObject: {fileID: 0}
  m_PrefabInstance: {fileID: 100100000}
  m_PrefabAsset: {fileID: 0}
  m_GameObject: {fileID: 1700129576820691}
  m_LocalRotation: {x: -0.01277394, y: -3.576004E-07, z: -1.370488E-08, w: 0.9999184}
  m_LocalPosition: {x: -1.586235E-15, y: 0.00287801, z: 0}
  m_LocalScale: {x: 1.000004, y: 1.000004, z: 1.000002}
  m_Children:
  - {fileID: 4347604202720396}
  m_Father: {fileID: 4691187896247228}
  m_RootOrder: 0
  m_LocalEulerAnglesHint: {x: -1.463825, y: 4.09947E-05, z: 1.046885E-06}
--- !u!1 &1298663456587477
GameObject:
  m_CorrespondingSourceObject: {fileID: 0}
  m_PrefabInstance: {fileID: 100100000}
  m_PrefabAsset: {fileID: 0}
  serializedVersion: 5
  m_Component:
  - component: {fileID: 4347604202720396}
  m_Layer: 8
  m_Name: Tail6
  m_TagString: Untagged
  m_Icon: {fileID: 0}
  m_NavMeshLayer: 0
  m_StaticEditorFlags: 0
  m_IsActive: 1
--- !u!4 &4347604202720396
Transform:
  m_CorrespondingSourceObject: {fileID: 0}
  m_PrefabInstance: {fileID: 100100000}
  m_PrefabAsset: {fileID: 0}
  m_GameObject: {fileID: 1298663456587477}
  m_LocalRotation: {x: -0.00190601, y: 1.192092E-07, z: -1.590484E-09, w: 0.9999983}
  m_LocalPosition: {x: 7.425657E-16, y: 0.002106773, z: -1.490116E-10}
  m_LocalScale: {x: 1.000001, y: 0.9999998, z: 0.9999996}
  m_Children:
  - {fileID: 4041742580230783}
  m_Father: {fileID: 4856098816432804}
  m_RootOrder: 0
  m_LocalEulerAnglesHint: {x: -0.2184128, y: -1.366E-05, z: 2.082925E-07}
--- !u!1 &1268463674853854
GameObject:
  m_CorrespondingSourceObject: {fileID: 0}
  m_PrefabInstance: {fileID: 100100000}
  m_PrefabAsset: {fileID: 0}
  serializedVersion: 5
  m_Component:
  - component: {fileID: 4041742580230783}
  m_Layer: 8
  m_Name: Tail6_end
  m_TagString: Untagged
  m_Icon: {fileID: 0}
  m_NavMeshLayer: 0
  m_StaticEditorFlags: 0
  m_IsActive: 1
--- !u!4 &4041742580230783
Transform:
  m_CorrespondingSourceObject: {fileID: 0}
  m_PrefabInstance: {fileID: 100100000}
  m_PrefabAsset: {fileID: 0}
  m_GameObject: {fileID: 1268463674853854}
  m_LocalRotation: {x: 0, y: 0, z: 0, w: 1}
  m_LocalPosition: {x: 0, y: 0.001607919, z: 0}
  m_LocalScale: {x: 1, y: 1, z: 1}
  m_Children: []
  m_Father: {fileID: 4347604202720396}
  m_RootOrder: 0
  m_LocalEulerAnglesHint: {x: 0, y: 0, z: 0}
--- !u!1 &1022366338411295
GameObject:
  m_CorrespondingSourceObject: {fileID: 0}
  m_PrefabInstance: {fileID: 100100000}
  m_PrefabAsset: {fileID: 0}
  serializedVersion: 5
  m_Component:
  - component: {fileID: 4487838241613358}
  - component: {fileID: 137802958397483848}
  m_Layer: 8
  m_Name: eyes
  m_TagString: Untagged
  m_Icon: {fileID: 0}
  m_NavMeshLayer: 0
  m_StaticEditorFlags: 0
  m_IsActive: 1
--- !u!4 &4487838241613358
Transform:
  m_CorrespondingSourceObject: {fileID: 0}
  m_PrefabInstance: {fileID: 100100000}
  m_PrefabAsset: {fileID: 0}
  m_GameObject: {fileID: 1022366338411295}
  m_LocalRotation: {x: -0.7071068, y: 0, z: 0, w: 0.7071067}
  m_LocalPosition: {x: 0, y: 2.75323, z: 0}
  m_LocalScale: {x: 12.87624, y: 12.87624, z: 12.87624}
  m_Children: []
  m_Father: {fileID: 4549709391508250}
  m_RootOrder: 1
  m_LocalEulerAnglesHint: {x: -90.00001, y: 0, z: 0}
--- !u!137 &137802958397483848
SkinnedMeshRenderer:
  m_CorrespondingSourceObject: {fileID: 0}
  m_PrefabInstance: {fileID: 100100000}
  m_PrefabAsset: {fileID: 0}
  m_GameObject: {fileID: 1022366338411295}
  m_Enabled: 1
  m_CastShadows: 1
  m_ReceiveShadows: 1
  m_DynamicOccludee: 1
  m_MotionVectors: 1
  m_LightProbeUsage: 1
  m_ReflectionProbeUsage: 1
  m_RayTracingMode: 0
  m_RenderingLayerMask: 1
  m_RendererPriority: 0
  m_Materials:
  - {fileID: 2100000, guid: 0948bbcb9a8f9244eb22e34573b0d925, type: 2}
  m_StaticBatchInfo:
    firstSubMesh: 0
    subMeshCount: 0
  m_StaticBatchRoot: {fileID: 0}
  m_ProbeAnchor: {fileID: 0}
  m_LightProbeVolumeOverride: {fileID: 0}
  m_ScaleInLightmap: 1
  m_ReceiveGI: 1
  m_PreserveUVs: 0
  m_IgnoreNormalsForChartDetection: 0
  m_ImportantGI: 0
  m_StitchLightmapSeams: 0
  m_SelectedEditorRenderState: 3
  m_MinimumChartSize: 4
  m_AutoUVMaxDistance: 0.5
  m_AutoUVMaxAngle: 89
  m_LightmapParameters: {fileID: 0}
  m_SortingLayerID: 0
  m_SortingLayer: 0
  m_SortingOrder: 0
  serializedVersion: 2
  m_Quality: 0
  m_UpdateWhenOffscreen: 0
  m_skinnedMotionVectors: 1
  m_Mesh: {fileID: 4300000, guid: 3bdc0e42a3181c24684e4165ecfabaf9, type: 2}
  m_Bones:
  - {fileID: 4832455672958779}
  - {fileID: 4672183284139618}
  - {fileID: 4160376298216435}
  - {fileID: 4396509049445392}
  - {fileID: 4365060725209328}
  - {fileID: 4659944441277229}
  - {fileID: 4819657263070369}
  - {fileID: 4716932904136963}
  - {fileID: 4945766596284356}
  - {fileID: 4617527823982277}
  - {fileID: 4985368111190060}
  - {fileID: 4843433677669297}
  - {fileID: 4521871770608692}
  - {fileID: 4718012792199334}
  - {fileID: 4623437234389081}
  - {fileID: 4508294280804946}
  - {fileID: 4225509228927089}
  - {fileID: 4240674062596031}
  - {fileID: 4232147058804132}
  - {fileID: 4903038262163891}
  - {fileID: 4216591848470757}
  - {fileID: 4439305482395406}
  - {fileID: 4493940818595248}
  - {fileID: 4809823304937251}
  - {fileID: 4330735043610862}
  - {fileID: 4691187896247228}
  - {fileID: 4856098816432804}
  - {fileID: 4347604202720396}
  m_BlendShapeWeights: []
  m_RootBone: {fileID: 4832455672958779}
  m_AABB:
    m_Center: {x: 0, y: 0.03298376, z: -5.219225E-05}
    m_Extent: {x: 0.0005937067, y: 0.0003166571, z: 0.0003166674}
  m_DirtyAABB: 0
--- !u!1 &1155602841915773
GameObject:
  m_CorrespondingSourceObject: {fileID: 0}
  m_PrefabInstance: {fileID: 100100000}
  m_PrefabAsset: {fileID: 0}
  serializedVersion: 5
  m_Component:
  - component: {fileID: 4691599008883064}
  - component: {fileID: 137831137397628166}
  m_Layer: 8
  m_Name: Hatchling
  m_TagString: Untagged
  m_Icon: {fileID: 0}
  m_NavMeshLayer: 0
  m_StaticEditorFlags: 0
  m_IsActive: 1
--- !u!4 &4691599008883064
Transform:
  m_CorrespondingSourceObject: {fileID: 0}
  m_PrefabInstance: {fileID: 100100000}
  m_PrefabAsset: {fileID: 0}
  m_GameObject: {fileID: 1155602841915773}
  m_LocalRotation: {x: 1, y: -1.110223E-16, z: 1.110223E-16, w: -7.54979E-08}
  m_LocalPosition: {x: 0, y: 2.75323, z: 0}
  m_LocalScale: {x: 12.87624, y: 12.87624, z: 12.87624}
  m_Children: []
  m_Father: {fileID: 4549709391508250}
  m_RootOrder: 2
  m_LocalEulerAnglesHint: {x: -180, y: 1.272222E-14, z: 1.272222E-14}
--- !u!137 &137831137397628166
SkinnedMeshRenderer:
  m_CorrespondingSourceObject: {fileID: 0}
  m_PrefabInstance: {fileID: 100100000}
  m_PrefabAsset: {fileID: 0}
  m_GameObject: {fileID: 1155602841915773}
  m_Enabled: 1
  m_CastShadows: 1
  m_ReceiveShadows: 1
  m_DynamicOccludee: 1
  m_MotionVectors: 1
  m_LightProbeUsage: 1
  m_ReflectionProbeUsage: 1
  m_RayTracingMode: 0
  m_RenderingLayerMask: 1
  m_RendererPriority: 0
  m_Materials:
  - {fileID: 2100000, guid: 0948bbcb9a8f9244eb22e34573b0d925, type: 2}
  m_StaticBatchInfo:
    firstSubMesh: 0
    subMeshCount: 0
  m_StaticBatchRoot: {fileID: 0}
  m_ProbeAnchor: {fileID: 0}
  m_LightProbeVolumeOverride: {fileID: 0}
  m_ScaleInLightmap: 1
  m_ReceiveGI: 1
  m_PreserveUVs: 0
  m_IgnoreNormalsForChartDetection: 0
  m_ImportantGI: 0
  m_StitchLightmapSeams: 0
  m_SelectedEditorRenderState: 3
  m_MinimumChartSize: 4
  m_AutoUVMaxDistance: 0.5
  m_AutoUVMaxAngle: 89
  m_LightmapParameters: {fileID: 0}
  m_SortingLayerID: 0
  m_SortingLayer: 0
  m_SortingOrder: 0
  serializedVersion: 2
  m_Quality: 0
  m_UpdateWhenOffscreen: 0
  m_skinnedMotionVectors: 1
  m_Mesh: {fileID: 4300000, guid: 0e21b604f0f71e74b81b199f8807b9c4, type: 2}
  m_Bones:
  - {fileID: 4832455672958779}
  - {fileID: 4672183284139618}
  - {fileID: 4160376298216435}
  - {fileID: 4396509049445392}
  - {fileID: 4365060725209328}
  - {fileID: 4659944441277229}
  - {fileID: 4819657263070369}
  - {fileID: 4716932904136963}
  - {fileID: 4945766596284356}
  - {fileID: 4617527823982277}
  - {fileID: 4985368111190060}
  - {fileID: 4843433677669297}
  - {fileID: 4521871770608692}
  - {fileID: 4718012792199334}
  - {fileID: 4623437234389081}
  - {fileID: 4508294280804946}
  - {fileID: 4225509228927089}
  - {fileID: 4240674062596031}
  - {fileID: 4232147058804132}
  - {fileID: 4903038262163891}
  - {fileID: 4216591848470757}
  - {fileID: 4439305482395406}
  - {fileID: 4493940818595248}
  - {fileID: 4809823304937251}
  - {fileID: 4330735043610862}
  - {fileID: 4691187896247228}
  - {fileID: 4856098816432804}
  - {fileID: 4347604202720396}
  m_BlendShapeWeights: []
  m_RootBone: {fileID: 4832455672958779}
  m_AABB:
    m_Center: {x: -0.0002738321, y: 0.0271852, z: 0.007445759}
    m_Extent: {x: 0.01401096, y: 0.02073811, z: 0.01568288}
  m_DirtyAABB: 0
--- !u!1 &1095559741341472
GameObject:
  m_CorrespondingSourceObject: {fileID: 0}
  m_PrefabInstance: {fileID: 100100000}
  m_PrefabAsset: {fileID: 0}
  serializedVersion: 5
  m_Component:
  - component: {fileID: 4819083361391208}
  - component: {fileID: 137104755272001452}
  m_Layer: 8
  m_Name: Hatchling.001
  m_TagString: Untagged
  m_Icon: {fileID: 0}
  m_NavMeshLayer: 0
  m_StaticEditorFlags: 0
  m_IsActive: 1
--- !u!4 &4819083361391208
Transform:
  m_CorrespondingSourceObject: {fileID: 0}
  m_PrefabInstance: {fileID: 100100000}
  m_PrefabAsset: {fileID: 0}
  m_GameObject: {fileID: 1095559741341472}
  m_LocalRotation: {x: 1, y: -1.110223E-16, z: 1.110223E-16, w: -7.54979E-08}
  m_LocalPosition: {x: 0, y: 2.75323, z: 0}
  m_LocalScale: {x: 12.87624, y: 12.87624, z: 12.87624}
  m_Children: []
  m_Father: {fileID: 4549709391508250}
  m_RootOrder: 3
  m_LocalEulerAnglesHint: {x: -180, y: 1.272222E-14, z: 1.272222E-14}
--- !u!137 &137104755272001452
SkinnedMeshRenderer:
  m_CorrespondingSourceObject: {fileID: 0}
  m_PrefabInstance: {fileID: 100100000}
  m_PrefabAsset: {fileID: 0}
  m_GameObject: {fileID: 1095559741341472}
  m_Enabled: 1
  m_CastShadows: 1
  m_ReceiveShadows: 1
  m_DynamicOccludee: 1
  m_MotionVectors: 1
  m_LightProbeUsage: 1
  m_ReflectionProbeUsage: 1
  m_RayTracingMode: 0
  m_RenderingLayerMask: 1
  m_RendererPriority: 0
  m_Materials:
  - {fileID: 2100000, guid: 0948bbcb9a8f9244eb22e34573b0d925, type: 2}
  m_StaticBatchInfo:
    firstSubMesh: 0
    subMeshCount: 0
  m_StaticBatchRoot: {fileID: 0}
  m_ProbeAnchor: {fileID: 0}
  m_LightProbeVolumeOverride: {fileID: 0}
  m_ScaleInLightmap: 1
  m_ReceiveGI: 1
  m_PreserveUVs: 0
  m_IgnoreNormalsForChartDetection: 0
  m_ImportantGI: 0
  m_StitchLightmapSeams: 0
  m_SelectedEditorRenderState: 3
  m_MinimumChartSize: 4
  m_AutoUVMaxDistance: 0.5
  m_AutoUVMaxAngle: 89
  m_LightmapParameters: {fileID: 0}
  m_SortingLayerID: 0
  m_SortingLayer: 0
  m_SortingOrder: 0
  serializedVersion: 2
  m_Quality: 0
  m_UpdateWhenOffscreen: 0
  m_skinnedMotionVectors: 1
  m_Mesh: {fileID: 4300000, guid: 7541c216555e8dc498ecd54b5b92795c, type: 2}
  m_Bones:
  - {fileID: 4832455672958779}
  - {fileID: 4672183284139618}
  - {fileID: 4160376298216435}
  - {fileID: 4396509049445392}
  - {fileID: 4365060725209328}
  - {fileID: 4659944441277229}
  - {fileID: 4819657263070369}
  - {fileID: 4716932904136963}
  - {fileID: 4945766596284356}
  - {fileID: 4617527823982277}
  - {fileID: 4985368111190060}
  - {fileID: 4843433677669297}
  - {fileID: 4521871770608692}
  - {fileID: 4718012792199334}
  - {fileID: 4623437234389081}
  - {fileID: 4508294280804946}
  - {fileID: 4225509228927089}
  - {fileID: 4240674062596031}
  - {fileID: 4232147058804132}
  - {fileID: 4903038262163891}
  - {fileID: 4216591848470757}
  - {fileID: 4439305482395406}
  - {fileID: 4493940818595248}
  - {fileID: 4809823304937251}
  - {fileID: 4330735043610862}
  - {fileID: 4691187896247228}
  - {fileID: 4856098816432804}
  - {fileID: 4347604202720396}
  m_BlendShapeWeights: []
  m_RootBone: {fileID: 4832455672958779}
  m_AABB:
    m_Center: {x: -0.0006015059, y: 0.03502801, z: 0.01407648}
    m_Extent: {x: 0.02189533, y: 0.01648383, z: 0.01419009}
  m_DirtyAABB: 0
--- !u!1 &1375823427173806
GameObject:
  m_CorrespondingSourceObject: {fileID: 0}
  m_PrefabInstance: {fileID: 100100000}
  m_PrefabAsset: {fileID: 0}
  serializedVersion: 5
  m_Component:
  - component: {fileID: 4808786448531706}
  - component: {fileID: 137556456167812488}
  m_Layer: 8
  m_Name: Horns
  m_TagString: Untagged
  m_Icon: {fileID: 0}
  m_NavMeshLayer: 0
  m_StaticEditorFlags: 0
  m_IsActive: 1
--- !u!4 &4808786448531706
Transform:
  m_CorrespondingSourceObject: {fileID: 0}
  m_PrefabInstance: {fileID: 100100000}
  m_PrefabAsset: {fileID: 0}
  m_GameObject: {fileID: 1375823427173806}
  m_LocalRotation: {x: -0.7071068, y: 0, z: 0, w: 0.7071067}
  m_LocalPosition: {x: 0, y: 2.75323, z: 0}
  m_LocalScale: {x: 8.826418, y: 8.826418, z: 8.826418}
  m_Children: []
  m_Father: {fileID: 4549709391508250}
  m_RootOrder: 4
  m_LocalEulerAnglesHint: {x: -90.00001, y: 0, z: 0}
--- !u!137 &137556456167812488
SkinnedMeshRenderer:
  m_CorrespondingSourceObject: {fileID: 0}
  m_PrefabInstance: {fileID: 100100000}
  m_PrefabAsset: {fileID: 0}
  m_GameObject: {fileID: 1375823427173806}
  m_Enabled: 1
  m_CastShadows: 1
  m_ReceiveShadows: 1
  m_DynamicOccludee: 1
  m_MotionVectors: 1
  m_LightProbeUsage: 1
  m_ReflectionProbeUsage: 1
  m_RayTracingMode: 0
  m_RenderingLayerMask: 1
  m_RendererPriority: 0
  m_Materials:
  - {fileID: 2100000, guid: 0948bbcb9a8f9244eb22e34573b0d925, type: 2}
  m_StaticBatchInfo:
    firstSubMesh: 0
    subMeshCount: 0
  m_StaticBatchRoot: {fileID: 0}
  m_ProbeAnchor: {fileID: 0}
  m_LightProbeVolumeOverride: {fileID: 0}
  m_ScaleInLightmap: 1
  m_ReceiveGI: 1
  m_PreserveUVs: 0
  m_IgnoreNormalsForChartDetection: 0
  m_ImportantGI: 0
  m_StitchLightmapSeams: 0
  m_SelectedEditorRenderState: 3
  m_MinimumChartSize: 4
  m_AutoUVMaxDistance: 0.5
  m_AutoUVMaxAngle: 89
  m_LightmapParameters: {fileID: 0}
  m_SortingLayerID: 0
  m_SortingLayer: 0
  m_SortingOrder: 0
  serializedVersion: 2
  m_Quality: 0
  m_UpdateWhenOffscreen: 0
  m_skinnedMotionVectors: 1
  m_Mesh: {fileID: 4300000, guid: 23beb76f4f371a94b8187bc4f2a4f783, type: 2}
  m_Bones:
  - {fileID: 4832455672958779}
  - {fileID: 4672183284139618}
  - {fileID: 4160376298216435}
  - {fileID: 4396509049445392}
  - {fileID: 4365060725209328}
  - {fileID: 4659944441277229}
  - {fileID: 4819657263070369}
  - {fileID: 4716932904136963}
  - {fileID: 4945766596284356}
  - {fileID: 4617527823982277}
  - {fileID: 4985368111190060}
  - {fileID: 4843433677669297}
  - {fileID: 4521871770608692}
  - {fileID: 4718012792199334}
  - {fileID: 4623437234389081}
  - {fileID: 4508294280804946}
  - {fileID: 4225509228927089}
  - {fileID: 4240674062596031}
  - {fileID: 4232147058804132}
  - {fileID: 4903038262163891}
  - {fileID: 4216591848470757}
  - {fileID: 4439305482395406}
  - {fileID: 4493940818595248}
  - {fileID: 4809823304937251}
  - {fileID: 4330735043610862}
  - {fileID: 4691187896247228}
  - {fileID: 4856098816432804}
  - {fileID: 4347604202720396}
  m_BlendShapeWeights: []
  m_RootBone: {fileID: 4832455672958779}
  m_AABB:
    m_Center: {x: -4.656613E-10, y: 0.03422106, z: 0.002080942}
    m_Extent: {x: 0.002936431, y: 0.004901383, z: 0.005024696}
  m_DirtyAABB: 0
