%YAML 1.1
%TAG !u! tag:unity3d.com,2011:
--- !u!1001 &100100000
PrefabInstance:
  serializedVersion: 2
  m_RootGameObject: {fileID: 1860769506468467}
  m_Modification:
    m_TransformParent: {fileID: 0}
    m_Modifications: []
    m_RemovedComponents: []
  m_SourcePrefab: {fileID: 0}
--- !u!1 &1860769506468467
GameObject:
  m_CorrespondingSourceObject: {fileID: 0}
  m_PrefabInstance: {fileID: 100100000}
  m_PrefabAsset: {fileID: 0}
  serializedVersion: 5
  m_Component:
  - component: {fileID: 4389914890862248}
  - component: {fileID: 136106833365683380}
  - component: {fileID: 54828333892738803}
  - component: {fileID: 114358670704562236}
  - component: {fileID: 114834075627120472}
  - component: {fileID: 114694938671278201}
  - component: {fileID: 114332538656601836}
  - component: {fileID: 114505972657941764}
  - component: {fileID: 114448258286207189}
  m_Layer: 9
  m_Name: Leech_cave
  m_TagString: Untagged
  m_Icon: {fileID: 0}
  m_NavMeshLayer: 0
  m_StaticEditorFlags: 0
  m_IsActive: 1
--- !u!4 &4389914890862248
Transform:
  m_CorrespondingSourceObject: {fileID: 0}
  m_PrefabInstance: {fileID: 100100000}
  m_PrefabAsset: {fileID: 0}
  m_GameObject: {fileID: 1860769506468467}
  m_LocalRotation: {x: 0, y: 0, z: 0, w: 1}
  m_LocalPosition: {x: 1.647, y: 50, z: 0}
  m_LocalScale: {x: 1, y: 1, z: 1}
  m_Children:
  - {fileID: 4915424558424569}
  - {fileID: 4317247954962686}
  - {fileID: 4595836746403323}
  m_Father: {fileID: 0}
  m_RootOrder: 0
  m_LocalEulerAnglesHint: {x: 0, y: 0, z: 0}
--- !u!136 &136106833365683380
CapsuleCollider:
  m_CorrespondingSourceObject: {fileID: 0}
  m_PrefabInstance: {fileID: 100100000}
  m_PrefabAsset: {fileID: 0}
  m_GameObject: {fileID: 1860769506468467}
  m_Material: {fileID: 13400000, guid: c9bbb846b6d478b4788dab4ce0911a93, type: 2}
  m_IsTrigger: 0
  m_Enabled: 1
  m_Radius: 0.3
  m_Height: 1.5
  m_Direction: 2
  m_Center: {x: 0, y: 0.3, z: 0}
--- !u!54 &54828333892738803
Rigidbody:
  m_CorrespondingSourceObject: {fileID: 0}
  m_PrefabInstance: {fileID: 100100000}
  m_PrefabAsset: {fileID: 0}
  m_GameObject: {fileID: 1860769506468467}
  serializedVersion: 2
  m_Mass: 10
  m_Drag: 0
  m_AngularDrag: 0.05
  m_UseGravity: 1
  m_IsKinematic: 0
  m_Interpolate: 0
  m_Constraints: 112
  m_CollisionDetection: 0
--- !u!114 &114358670704562236
MonoBehaviour:
  m_CorrespondingSourceObject: {fileID: 0}
  m_PrefabInstance: {fileID: 100100000}
  m_PrefabAsset: {fileID: 0}
  m_GameObject: {fileID: 1860769506468467}
  m_Enabled: 1
  m_EditorHideFlags: 0
  m_Script: {fileID: 11500000, guid: 882089d018a4e7046bfd1a06af0a7282, type: 3}
  m_Name:
  m_EditorClassIdentifier:
  m_name: $enemy_leech
  m_group:
  m_faction: 3
  m_boss: 0
  m_bossEvent:
  m_defeatSetGlobalKey:
  m_crouchSpeed: 2
  m_walkSpeed: 5
  m_speed: 2
  m_turnSpeed: 50
  m_runSpeed: 2
  m_runTurnSpeed: 50
  m_flySlowSpeed: 5
  m_flyFastSpeed: 12
  m_flyTurnSpeed: 12
  m_acceleration: 0.1
  m_jumpForce: 10
  m_jumpForceForward: 0
  m_jumpForceTiredFactor: 0.7
  m_airControl: 0.1
  m_canSwim: 1
  m_swimDepth: 0.8
  m_swimSpeed: 3
  m_swimTurnSpeed: 300
  m_swimAcceleration: 0.05
  m_groundTilt: 1
  m_flying: 0
  m_jumpStaminaUsage: 10
  m_eye: {fileID: 4915424558424569}
  m_hitEffects:
    m_effectPrefabs:
    - m_prefab: {fileID: 1179333224277411, guid: 217cc27377fca2a4babd6a331772fe7b, type: 2}
      m_enabled: 1
      m_variant: -1
      m_attach: 0
      m_inheritParentRotation: 0
      m_inheritParentScale: 0
      m_randomRotation: 0
      m_scale: 0
      m_childTransform:
    - m_prefab: {fileID: 1878671442072165, guid: ee702abb656d910498093c27e9f1bedd, type: 2}
      m_enabled: 1
      m_variant: -1
      m_attach: 0
      m_inheritParentRotation: 0
      m_inheritParentScale: 0
      m_randomRotation: 0
      m_scale: 0
      m_childTransform:
  m_critHitEffects:
    m_effectPrefabs:
    - m_prefab: {fileID: 1193272494661830, guid: 9a5351ce2767fe740ba6bd7518a12ebc, type: 2}
      m_enabled: 1
      m_variant: -1
      m_attach: 0
      m_inheritParentRotation: 0
      m_inheritParentScale: 0
      m_randomRotation: 0
      m_scale: 0
      m_childTransform:
  m_backstabHitEffects:
    m_effectPrefabs:
    - m_prefab: {fileID: 1071539778213133, guid: 9cff6e4fdf7ba8044868a6c19080fb3d, type: 2}
      m_enabled: 1
      m_variant: -1
      m_attach: 0
      m_inheritParentRotation: 0
      m_inheritParentScale: 0
      m_randomRotation: 0
      m_scale: 0
      m_childTransform:
  m_deathEffects:
    m_effectPrefabs:
    - m_prefab: {fileID: 1035753222663428, guid: d948a180ffea148409d01ccaac41e72f, type: 2}
      m_enabled: 1
      m_variant: -1
      m_attach: 0
      m_inheritParentRotation: 0
      m_inheritParentScale: 0
      m_randomRotation: 0
      m_scale: 0
      m_childTransform:
    - m_prefab: {fileID: 1240554440213865, guid: 3f2d2ef30c4e2764c995c5ff957c2276, type: 2}
      m_enabled: 1
      m_variant: -1
      m_attach: 0
      m_inheritParentRotation: 0
      m_inheritParentScale: 0
      m_randomRotation: 0
      m_scale: 0
      m_childTransform:
  m_waterEffects:
    m_effectPrefabs:
    - m_prefab: {fileID: 1155668354953235, guid: 96c1c5a0fbb2de34aa0d27a362a67bec, type: 2}
      m_enabled: 1
      m_variant: -1
      m_attach: 1
      m_inheritParentRotation: 0
      m_inheritParentScale: 0
      m_randomRotation: 0
      m_scale: 0
      m_childTransform:
  m_tarEffects:
    m_effectPrefabs: []
  m_slideEffects:
    m_effectPrefabs: []
  m_jumpEffects:
    m_effectPrefabs: []
  m_tolerateWater: 1
  m_tolerateFire: 0
  m_tolerateSmoke: 1
  m_tolerateTar: 0
  m_health: 60
  m_damageModifiers:
    m_blunt: 0
    m_slash: 0
    m_pierce: 0
    m_chop: 4
    m_pickaxe: 4
    m_fire: 3
    m_frost: 0
    m_lightning: 0
    m_poison: 1
    m_spirit: 3
  m_staggerWhenBlocked: 1
  m_staggerDamageFactor: 0
  m_equipStaminaDrain: 10
  m_blockStaminaDrain: 25
  m_defaultItems:
  - {fileID: 1460088735411684, guid: efb1b35952fd942459df85d99a1668e2, type: 2}
  m_randomWeapon: []
  m_randomArmor: []
  m_randomShield: []
  m_randomSets: []
  m_unarmedWeapon: {fileID: 0}
  m_pickupEffects:
    m_effectPrefabs: []
  m_dropEffects:
    m_effectPrefabs: []
  m_consumeItemEffects:
    m_effectPrefabs: []
  m_equipEffects:
    m_effectPrefabs: []
  m_perfectBlockEffect:
    m_effectPrefabs: []
--- !u!114 &114834075627120472
MonoBehaviour:
  m_CorrespondingSourceObject: {fileID: 0}
  m_PrefabInstance: {fileID: 100100000}
  m_PrefabAsset: {fileID: 0}
  m_GameObject: {fileID: 1860769506468467}
  m_Enabled: 1
  m_EditorHideFlags: 0
  m_Script: {fileID: 11500000, guid: 8d13d63090ca3f942b327ae131eec5a0, type: 3}
  m_Name:
  m_EditorClassIdentifier:
  m_persistent: 1
  m_distant: 0
  m_type: 0
  m_syncInitialScale: 0
--- !u!114 &114694938671278201
MonoBehaviour:
  m_CorrespondingSourceObject: {fileID: 0}
  m_PrefabInstance: {fileID: 100100000}
  m_PrefabAsset: {fileID: 0}
  m_GameObject: {fileID: 1860769506468467}
  m_Enabled: 1
  m_EditorHideFlags: 0
  m_Script: {fileID: 11500000, guid: 11e1576937b9e9341b3d0ceb138d6e14, type: 3}
  m_Name:
  m_EditorClassIdentifier:
  m_syncPosition: 1
  m_syncRotation: 1
  m_syncScale: 0
  m_syncBodyVelocity: 0
  m_characterParentSync: 0
--- !u!114 &114332538656601836
MonoBehaviour:
  m_CorrespondingSourceObject: {fileID: 0}
  m_PrefabInstance: {fileID: 100100000}
  m_PrefabAsset: {fileID: 0}
  m_GameObject: {fileID: 1860769506468467}
  m_Enabled: 1
  m_EditorHideFlags: 0
  m_Script: {fileID: 11500000, guid: a802ec82669cda048b5675bd0f37c1c5, type: 3}
  m_Name:
  m_EditorClassIdentifier:
  m_syncBools:
  - alert
  - inWater
  m_syncFloats:
  - forward_speed
  - sideway_speed
  - turn_speed
  m_syncInts: []
  m_smoothCharacterSpeeds: 1
--- !u!114 &114505972657941764
MonoBehaviour:
  m_CorrespondingSourceObject: {fileID: 0}
  m_PrefabInstance: {fileID: 100100000}
  m_PrefabAsset: {fileID: 0}
  m_GameObject: {fileID: 1860769506468467}
  m_Enabled: 1
  m_EditorHideFlags: 0
  m_Script: {fileID: 11500000, guid: 6612aa602f2d46b46aacb62f7b3946b5, type: 3}
  m_Name:
  m_EditorClassIdentifier:
  m_viewRange: 30
  m_viewAngle: 360
  m_hearRange: 9999
  m_alertedEffects:
    m_effectPrefabs:
    - m_prefab: {fileID: 1856141906358159, guid: 06f24c233fc0cd549bfb27fa2c9f346a, type: 2}
      m_enabled: 1
      m_variant: -1
      m_attach: 0
      m_inheritParentRotation: 0
      m_inheritParentScale: 0
      m_randomRotation: 0
      m_scale: 0
      m_childTransform:
  m_idleSound:
    m_effectPrefabs:
    - m_prefab: {fileID: 1542154778464641, guid: dad2cd72c03942b45b0edc014981eac7, type: 2}
      m_enabled: 1
      m_variant: -1
      m_attach: 0
      m_inheritParentRotation: 0
      m_inheritParentScale: 0
      m_randomRotation: 0
      m_scale: 0
      m_childTransform:
  m_idleSoundInterval: 10
  m_idleSoundChance: 0.5
  m_pathAgentType: 7
  m_moveMinAngle: 180
  m_smoothMovement: 1
  m_serpentMovement: 0
  m_serpentTurnRadius: 20
  m_jumpInterval: 0
  m_randomCircleInterval: 2
  m_randomMoveInterval: 5
  m_randomMoveRange: 10
  m_randomFly: 0
  m_chanceToTakeoff: 1
  m_chanceToLand: 1
  m_groundDuration: 10
  m_airDuration: 10
  m_maxLandAltitude: 5
  m_flyAltitudeMin: 3
  m_flyAltitudeMax: 10
  m_takeoffTime: 5
  m_avoidFire: 0
  m_afraidOfFire: 0
  m_avoidWater: 0
  m_spawnMessage:
  m_deathMessage:
  m_alertRange: 20
  m_fleeIfHurtWhenTargetCantBeReached: 1
  m_fleeIfNotAlerted: 0
  m_fleeIfLowHealth: 0
  m_circulateWhileCharging: 0
  m_circulateWhileChargingFlying: 0
  m_enableHuntPlayer: 0
  m_attackPlayerObjects: 0
  m_interceptTimeMax: 2
  m_interceptTimeMin: -1
  m_maxChaseDistance: 100
  m_minAttackInterval: 0
  m_circleTargetInterval: 0
  m_circleTargetDuration: 5
  m_circleTargetDistance: 10
  m_sleeping: 0
  m_noiseWakeup: 0
  m_noiseRangeScale: 1
  m_wakeupRange: 5
  m_wakeupEffects:
    m_effectPrefabs: []
  m_avoidLand: 1
  m_consumeItems: []
  m_consumeRange: 2
  m_consumeSearchRange: 5
  m_consumeSearchInterval: 10
--- !u!114 &114448258286207189
MonoBehaviour:
  m_CorrespondingSourceObject: {fileID: 0}
  m_PrefabInstance: {fileID: 100100000}
  m_PrefabAsset: {fileID: 0}
  m_GameObject: {fileID: 1860769506468467}
  m_Enabled: 1
  m_EditorHideFlags: 0
  m_Script: {fileID: 11500000, guid: 41abc9bfa4428a548aa6aa189c08e211, type: 3}
  m_Name:
  m_EditorClassIdentifier:
  m_spawnOffset: {x: 0, y: 0, z: 0}
  m_drops:
  - m_prefab: {fileID: 1809196509399771, guid: 78a1fc068cf01c3408c1bc8c9f4e8adf, type: 2}
    m_amountMin: 1
    m_amountMax: 1
    m_chance: 0.1
    m_onePerPlayer: 0
    m_levelMultiplier: 0
  - m_prefab: {fileID: 1319161196741629, guid: 346859ca9098f764685a377bdd11542d, type: 2}
    m_amountMin: 1
    m_amountMax: 1
    m_chance: 1
    m_onePerPlayer: 0
    m_levelMultiplier: 1
--- !u!1 &1807167996942702
GameObject:
  m_CorrespondingSourceObject: {fileID: 0}
  m_PrefabInstance: {fileID: 100100000}
  m_PrefabAsset: {fileID: 0}
  serializedVersion: 5
  m_Component:
  - component: {fileID: 4915424558424569}
  m_Layer: 9
  m_Name: EyePos
  m_TagString: Untagged
  m_Icon: {fileID: 0}
  m_NavMeshLayer: 0
  m_StaticEditorFlags: 0
  m_IsActive: 1
--- !u!4 &4915424558424569
Transform:
  m_CorrespondingSourceObject: {fileID: 0}
  m_PrefabInstance: {fileID: 100100000}
  m_PrefabAsset: {fileID: 0}
  m_GameObject: {fileID: 1807167996942702}
  m_LocalRotation: {x: 0, y: 0, z: 0, w: 1}
  m_LocalPosition: {x: 0, y: 0.641, z: 0}
  m_LocalScale: {x: 1, y: 1, z: 1}
  m_Children: []
  m_Father: {fileID: 4389914890862248}
  m_RootOrder: 0
  m_LocalEulerAnglesHint: {x: 0, y: 0, z: 0}
--- !u!1 &1309662397357589
GameObject:
  m_CorrespondingSourceObject: {fileID: 0}
  m_PrefabInstance: {fileID: 100100000}
  m_PrefabAsset: {fileID: 0}
  serializedVersion: 5
  m_Component:
  - component: {fileID: 4317247954962686}
  - component: {fileID: 135533820978330261}
  m_Layer: 18
  m_Name: attack_hitbox
  m_TagString: Untagged
  m_Icon: {fileID: 0}
  m_NavMeshLayer: 0
  m_StaticEditorFlags: 0
  m_IsActive: 1
--- !u!4 &4317247954962686
Transform:
  m_CorrespondingSourceObject: {fileID: 0}
  m_PrefabInstance: {fileID: 100100000}
  m_PrefabAsset: {fileID: 0}
  m_GameObject: {fileID: 1309662397357589}
  m_LocalRotation: {x: 0, y: 0, z: 0, w: 1}
  m_LocalPosition: {x: 0, y: 0.433, z: 0.079}
  m_LocalScale: {x: 1, y: 1, z: 1}
  m_Children: []
  m_Father: {fileID: 4389914890862248}
  m_RootOrder: 1
  m_LocalEulerAnglesHint: {x: 0, y: 0, z: 0}
--- !u!135 &135533820978330261
SphereCollider:
  m_CorrespondingSourceObject: {fileID: 0}
  m_PrefabInstance: {fileID: 100100000}
  m_PrefabAsset: {fileID: 0}
  m_GameObject: {fileID: 1309662397357589}
  m_Material: {fileID: 0}
  m_IsTrigger: 0
  m_Enabled: 1
  serializedVersion: 2
  m_Radius: 0.8
  m_Center: {x: 0, y: 0, z: 0}
--- !u!1 &1927916735216829
GameObject:
  m_CorrespondingSourceObject: {fileID: 0}
  m_PrefabInstance: {fileID: 100100000}
  m_PrefabAsset: {fileID: 0}
  serializedVersion: 5
  m_Component:
  - component: {fileID: 4595836746403323}
  - component: {fileID: 95833929705844701}
  - component: {fileID: 114084776293939373}
  - component: {fileID: 205259234328509077}
  - component: {fileID: 114706212031402984}
  m_Layer: 0
  m_Name: Visual
  m_TagString: Untagged
  m_Icon: {fileID: 0}
  m_NavMeshLayer: 0
  m_StaticEditorFlags: 0
  m_IsActive: 1
--- !u!4 &4595836746403323
Transform:
  m_CorrespondingSourceObject: {fileID: 0}
  m_PrefabInstance: {fileID: 100100000}
  m_PrefabAsset: {fileID: 0}
  m_GameObject: {fileID: 1927916735216829}
  m_LocalRotation: {x: 0, y: 0, z: 0, w: 1}
  m_LocalPosition: {x: 0, y: 0, z: -1.175}
  m_LocalScale: {x: 1, y: 1, z: 1}
  m_Children:
  - {fileID: 4292150430341711}
  - {fileID: 4393653951883608}
  m_Father: {fileID: 4389914890862248}
  m_RootOrder: 2
  m_LocalEulerAnglesHint: {x: 0, y: 0, z: 0}
--- !u!95 &95833929705844701
Animator:
  serializedVersion: 3
  m_CorrespondingSourceObject: {fileID: 0}
  m_PrefabInstance: {fileID: 100100000}
  m_PrefabAsset: {fileID: 0}
  m_GameObject: {fileID: 1927916735216829}
  m_Enabled: 1
  m_Avatar: {fileID: 9000000, guid: 5a1405ff568295b44ad6488f580bdc11, type: 2}
  m_Controller: {fileID: 9100000, guid: 7f16f04f403cf0c48bc8fcb8dc01bbf6, type: 2}
  m_CullingMode: 1
  m_UpdateMode: 1
  m_ApplyRootMotion: 0
  m_LinearVelocityBlending: 0
  m_WarningMessage:
  m_HasTransformHierarchy: 1
  m_AllowConstantClipSamplingOptimization: 1
  m_KeepAnimatorControllerStateOnDisable: 0
--- !u!114 &114084776293939373
MonoBehaviour:
  m_CorrespondingSourceObject: {fileID: 0}
  m_PrefabInstance: {fileID: 100100000}
  m_PrefabAsset: {fileID: 0}
  m_GameObject: {fileID: 1927916735216829}
  m_Enabled: 1
  m_EditorHideFlags: 0
  m_Script: {fileID: 11500000, guid: 3bab968587be1b644897e144a2984da4, type: 3}
  m_Name:
  m_EditorClassIdentifier:
  m_footIK: 0
  m_footDownMax: 0.4
  m_footOffset: 0.1
  m_footStepHeight: 1
  m_stabalizeDistance: 0
  m_useFeetValues: 0
  m_feets: []
  m_headRotation: 0
  m_eyes: []
  m_lookWeight: 0.5
  m_bodyLookWeight: 0.1
  m_headLookWeight: 1
  m_eyeLookWeight: 0
  m_lookClamp: 0.5
  m_lookAt: {fileID: 0}
  m_femaleHack: 0
  m_leftShoulder: {fileID: 0}
  m_rightShoulder: {fileID: 0}
  m_femaleOffset: 0.0004
  m_maleOffset: 0.0007651657
--- !u!205 &205259234328509077
LODGroup:
  m_CorrespondingSourceObject: {fileID: 0}
  m_PrefabInstance: {fileID: 100100000}
  m_PrefabAsset: {fileID: 0}
  m_GameObject: {fileID: 1927916735216829}
  serializedVersion: 2
  m_LocalReferencePoint: {x: -2.324581E-06, y: 0.2236645, z: -0.3478422}
  m_Size: 4.580482
  m_FadeMode: 1
  m_AnimateCrossFading: 1
  m_LastLODIsBillboard: 0
  m_LODs:
  - screenRelativeHeight: 0.1517868
    fadeTransitionWidth: 0
    renderers:
    - renderer: {fileID: 137860015589460772}
  m_Enabled: 1
--- !u!114 &114706212031402984
MonoBehaviour:
  m_CorrespondingSourceObject: {fileID: 0}
  m_PrefabInstance: {fileID: 100100000}
  m_PrefabAsset: {fileID: 0}
  m_GameObject: {fileID: 1927916735216829}
  m_Enabled: 1
  m_EditorHideFlags: 0
  m_Script: {fileID: 11500000, guid: d70e634ff7b36364db4ef59048b5692c, type: 3}
  m_Name:
  m_EditorClassIdentifier:
  m_mainRender: {fileID: 137860015589460772}
  m_baseEnableObject: {fileID: 0}
  m_levelSetups:
  - m_scale: 1.1
    m_hue: 0.23
    m_saturation: 0.26
    m_value: 0.04
    m_enableObject: {fileID: 0}
  - m_scale: 1.2
    m_hue: -0.139
    m_saturation: 0.47
    m_value: 0.06
    m_enableObject: {fileID: 0}
--- !u!1 &1329409256887289
GameObject:
  m_CorrespondingSourceObject: {fileID: 0}
  m_PrefabInstance: {fileID: 100100000}
  m_PrefabAsset: {fileID: 0}
  serializedVersion: 5
  m_Component:
  - component: {fileID: 4292150430341711}
  m_Layer: 0
  m_Name: Armature
  m_TagString: Untagged
  m_Icon: {fileID: 0}
  m_NavMeshLayer: 0
  m_StaticEditorFlags: 0
  m_IsActive: 1
--- !u!4 &4292150430341711
Transform:
  m_CorrespondingSourceObject: {fileID: 0}
  m_PrefabInstance: {fileID: 100100000}
  m_PrefabAsset: {fileID: 0}
  m_GameObject: {fileID: 1329409256887289}
  m_LocalRotation: {x: 0, y: 0.7072302, z: 0.7069834, w: 0}
  m_LocalPosition: {x: 0, y: 0, z: 0}
  m_LocalScale: {x: 50.00009, y: 50.00003, z: 50.00003}
  m_Children:
  - {fileID: 4954415630014135}
  m_Father: {fileID: 4595836746403323}
  m_RootOrder: 0
  m_LocalEulerAnglesHint: {x: 90.02, y: 0, z: 180}
--- !u!1 &1473605338089251
GameObject:
  m_CorrespondingSourceObject: {fileID: 0}
  m_PrefabInstance: {fileID: 100100000}
  m_PrefabAsset: {fileID: 0}
  serializedVersion: 5
  m_Component:
  - component: {fileID: 4954415630014135}
  - component: {fileID: 114320458628814280}
  m_Layer: 0
  m_Name: root
  m_TagString: Untagged
  m_Icon: {fileID: 0}
  m_NavMeshLayer: 0
  m_StaticEditorFlags: 0
  m_IsActive: 1
--- !u!4 &4954415630014135
Transform:
  m_CorrespondingSourceObject: {fileID: 0}
  m_PrefabInstance: {fileID: 100100000}
  m_PrefabAsset: {fileID: 0}
  m_GameObject: {fileID: 1473605338089251}
  m_LocalRotation: {x: -4.736907E-07, y: 0.7028413, z: 0.7113467, w: -4.679306E-07}
  m_LocalPosition: {x: 0, y: 0.0214407, z: 0}
  m_LocalScale: {x: 1, y: 0.9999998, z: 0.9999999}
  m_Children:
  - {fileID: 4662913619300375}
  - {fileID: 4701736859280003}
  m_Father: {fileID: 4292150430341711}
  m_RootOrder: 0
  m_LocalEulerAnglesHint: {x: 89.31082, y: -9.255936E-07, z: 179.9999}
--- !u!114 &114320458628814280
MonoBehaviour:
  m_CorrespondingSourceObject: {fileID: 0}
  m_PrefabInstance: {fileID: 100100000}
  m_PrefabAsset: {fileID: 0}
  m_GameObject: {fileID: 1473605338089251}
  m_Enabled: 1
  m_EditorHideFlags: 0
  m_Script: {fileID: 11500000, guid: c543f4994943ab94b8d1e8a4bf757ca4, type: 3}
  m_Name:
  m_EditorClassIdentifier:
  m_tailJoints:
  - {fileID: 4278823466522186}
  - {fileID: 4491299059678556}
  - {fileID: 4504519860394513}
  - {fileID: 4441475621577108}
  - {fileID: 4330051603620205}
  m_yMovementDistance: 0.5
  m_yMovementFreq: 0.5
  m_yMovementOffset: 0.2
  m_maxAngle: 80
  m_gravity: 0.1
  m_gravityInWater: 0.1
  m_waterSurfaceCheck: 0
  m_groundCheck: 0
  m_smoothness: 0.3
  m_tailRadius: 0
  m_character: {fileID: 0}
  m_characterBody: {fileID: 0}
  m_tailBody: {fileID: 0}
--- !u!1 &1367974050863589
GameObject:
  m_CorrespondingSourceObject: {fileID: 0}
  m_PrefabInstance: {fileID: 100100000}
  m_PrefabAsset: {fileID: 0}
  serializedVersion: 5
  m_Component:
  - component: {fileID: 4662913619300375}
  m_Layer: 0
  m_Name: Head
  m_TagString: Untagged
  m_Icon: {fileID: 0}
  m_NavMeshLayer: 0
  m_StaticEditorFlags: 0
  m_IsActive: 1
--- !u!4 &4662913619300375
Transform:
  m_CorrespondingSourceObject: {fileID: 0}
  m_PrefabInstance: {fileID: 100100000}
  m_PrefabAsset: {fileID: 0}
  m_GameObject: {fileID: 1367974050863589}
  m_LocalRotation: {x: -4.575994E-07, y: 0.7280937, z: 0.6854776, w: 4.836137E-07}
  m_LocalPosition: {x: 0.0004625344, y: 0.004864149, z: 0.003612768}
  m_LocalScale: {x: 1, y: 0.9999992, z: 0.9999999}
  m_Children:
  - {fileID: 4046322288920649}
  m_Father: {fileID: 4954415630014135}
  m_RootOrder: 0
  m_LocalEulerAnglesHint: {x: 93.45364, y: -7.629395E-05, z: 180}
--- !u!1 &1515024421424446
GameObject:
  m_CorrespondingSourceObject: {fileID: 0}
  m_PrefabInstance: {fileID: 100100000}
  m_PrefabAsset: {fileID: 0}
  serializedVersion: 5
  m_Component:
  - component: {fileID: 4046322288920649}
  m_Layer: 0
  m_Name: Jaw
  m_TagString: Untagged
  m_Icon: {fileID: 0}
  m_NavMeshLayer: 0
  m_StaticEditorFlags: 0
  m_IsActive: 1
--- !u!4 &4046322288920649
Transform:
  m_CorrespondingSourceObject: {fileID: 0}
  m_PrefabInstance: {fileID: 100100000}
  m_PrefabAsset: {fileID: 0}
  m_GameObject: {fileID: 1515024421424446}
  m_LocalRotation: {x: -0.03983208, y: -2.517061E-09, z: -2.263725E-08, w: 0.9992064}
  m_LocalPosition: {x: -0.000125769, y: 0.004507902, z: -0.002687986}
  m_LocalScale: {x: 1, y: 1, z: 1}
  m_Children:
  - {fileID: 4983920622791745}
  m_Father: {fileID: 4662913619300375}
  m_RootOrder: 0
  m_LocalEulerAnglesHint: {x: -4.565628, y: 3.915309E-07, z: 2.58049E-06}
--- !u!1 &1881888564412954
GameObject:
  m_CorrespondingSourceObject: {fileID: 0}
  m_PrefabInstance: {fileID: 100100000}
  m_PrefabAsset: {fileID: 0}
  serializedVersion: 5
  m_Component:
  - component: {fileID: 4983920622791745}
  m_Layer: 0
  m_Name: Jaw_end
  m_TagString: Untagged
  m_Icon: {fileID: 0}
  m_NavMeshLayer: 0
  m_StaticEditorFlags: 0
  m_IsActive: 1
--- !u!4 &4983920622791745
Transform:
  m_CorrespondingSourceObject: {fileID: 0}
  m_PrefabInstance: {fileID: 100100000}
  m_PrefabAsset: {fileID: 0}
  m_GameObject: {fileID: 1881888564412954}
  m_LocalRotation: {x: 0, y: 0, z: 0, w: 1}
  m_LocalPosition: {x: 0, y: 0.008813301, z: 0}
  m_LocalScale: {x: 1, y: 1, z: 1}
  m_Children: []
  m_Father: {fileID: 4046322288920649}
  m_RootOrder: 0
  m_LocalEulerAnglesHint: {x: 0, y: 0, z: 0}
--- !u!1 &1157431214035934
GameObject:
  m_CorrespondingSourceObject: {fileID: 0}
  m_PrefabInstance: {fileID: 100100000}
  m_PrefabAsset: {fileID: 0}
  serializedVersion: 5
  m_Component:
  - component: {fileID: 4701736859280003}
  m_Layer: 0
  m_Name: Spine1
  m_TagString: Untagged
  m_Icon: {fileID: 0}
  m_NavMeshLayer: 0
  m_StaticEditorFlags: 0
  m_IsActive: 1
--- !u!4 &4701736859280003
Transform:
  m_CorrespondingSourceObject: {fileID: 0}
  m_PrefabInstance: {fileID: 100100000}
  m_PrefabAsset: {fileID: 0}
  m_GameObject: {fileID: 1157431214035934}
  m_LocalRotation: {x: -0.7028414, y: -4.783608E-07, z: -4.726571E-07, w: 0.7113466}
  m_LocalPosition: {x: 0.0005883133, y: 0.004291239, z: -0.003441918}
  m_LocalScale: {x: 1, y: 1, z: 1}
  m_Children:
  - {fileID: 4278823466522186}
  m_Father: {fileID: 4954415630014135}
  m_RootOrder: 1
  m_LocalEulerAnglesHint: {x: -89.31084, y: 7.706091E-05, z: 1.280242E-09}
--- !u!1 &1157674420988814
GameObject:
  m_CorrespondingSourceObject: {fileID: 0}
  m_PrefabInstance: {fileID: 100100000}
  m_PrefabAsset: {fileID: 0}
  serializedVersion: 5
  m_Component:
  - component: {fileID: 4278823466522186}
  m_Layer: 0
  m_Name: Spine2
  m_TagString: Untagged
  m_Icon: {fileID: 0}
  m_NavMeshLayer: 0
  m_StaticEditorFlags: 0
  m_IsActive: 1
--- !u!4 &4278823466522186
Transform:
  m_CorrespondingSourceObject: {fileID: 0}
  m_PrefabInstance: {fileID: 100100000}
  m_PrefabAsset: {fileID: 0}
  m_GameObject: {fileID: 1157674420988814}
  m_LocalRotation: {x: -3.089766E-30, y: 1.421086E-13, z: 1.862645E-09, w: 1}
  m_LocalPosition: {x: 1.35224E-11, y: 0.01074761, z: -1.348921E-16}
  m_LocalScale: {x: 1, y: 1, z: 1}
  m_Children:
  - {fileID: 4491299059678556}
  m_Father: {fileID: 4701736859280003}
  m_RootOrder: 0
  m_LocalEulerAnglesHint: {x: 3.033213E-20, y: -1.628444E-11, z: -2.134434E-07}
--- !u!1 &1406297830115484
GameObject:
  m_CorrespondingSourceObject: {fileID: 0}
  m_PrefabInstance: {fileID: 100100000}
  m_PrefabAsset: {fileID: 0}
  serializedVersion: 5
  m_Component:
  - component: {fileID: 4491299059678556}
  m_Layer: 0
  m_Name: Spine3
  m_TagString: Untagged
  m_Icon: {fileID: 0}
  m_NavMeshLayer: 0
  m_StaticEditorFlags: 0
  m_IsActive: 1
--- !u!4 &4491299059678556
Transform:
  m_CorrespondingSourceObject: {fileID: 0}
  m_PrefabInstance: {fileID: 100100000}
  m_PrefabAsset: {fileID: 0}
  m_GameObject: {fileID: 1406297830115484}
  m_LocalRotation: {x: 2.388439E-22, y: -1.355253E-20, z: -9.236487E-10, w: 1}
  m_LocalPosition: {x: -2.678787E-11, y: 0.01286486, z: 3.219647E-17}
  m_LocalScale: {x: 1, y: 0.9999999, z: 1}
  m_Children:
  - {fileID: 4504519860394513}
  m_Father: {fileID: 4278823466522186}
  m_RootOrder: 0
  m_LocalEulerAnglesHint: {x: 2.73695E-20, y: 1.553005E-18, z: 1.058423E-07}
--- !u!1 &1911256630863951
GameObject:
  m_CorrespondingSourceObject: {fileID: 0}
  m_PrefabInstance: {fileID: 100100000}
  m_PrefabAsset: {fileID: 0}
  serializedVersion: 5
  m_Component:
  - component: {fileID: 4504519860394513}
  m_Layer: 0
  m_Name: Spine4
  m_TagString: Untagged
  m_Icon: {fileID: 0}
  m_NavMeshLayer: 0
  m_StaticEditorFlags: 0
  m_IsActive: 1
--- !u!4 &4504519860394513
Transform:
  m_CorrespondingSourceObject: {fileID: 0}
  m_PrefabInstance: {fileID: 100100000}
  m_PrefabAsset: {fileID: 0}
  m_GameObject: {fileID: 1911256630863951}
  m_LocalRotation: {x: -2.524355E-29, y: 0, z: -2.208573E-21, w: 1}
  m_LocalPosition: {x: 0, y: 0.01418774, z: 3.219647E-17}
  m_LocalScale: {x: 1, y: 1, z: 1}
  m_Children:
  - {fileID: 4441475621577108}
  m_Father: {fileID: 4491299059678556}
  m_RootOrder: 0
  m_LocalEulerAnglesHint: {x: -2.892698E-27, y: 0, z: 2.530838E-19}
--- !u!1 &1060928630471223
GameObject:
  m_CorrespondingSourceObject: {fileID: 0}
  m_PrefabInstance: {fileID: 100100000}
  m_PrefabAsset: {fileID: 0}
  serializedVersion: 5
  m_Component:
  - component: {fileID: 4441475621577108}
  m_Layer: 0
  m_Name: Spine5
  m_TagString: Untagged
  m_Icon: {fileID: 0}
  m_NavMeshLayer: 0
  m_StaticEditorFlags: 0
  m_IsActive: 1
--- !u!4 &4441475621577108
Transform:
  m_CorrespondingSourceObject: {fileID: 0}
  m_PrefabInstance: {fileID: 100100000}
  m_PrefabAsset: {fileID: 0}
  m_GameObject: {fileID: 1060928630471223}
  m_LocalRotation: {x: 7.45058E-09, y: -7.772008E-37, z: -2.208573E-21, w: 1}
  m_LocalPosition: {x: 0, y: 0.01542006, z: 3.219647E-17}
  m_LocalScale: {x: 1, y: 1, z: 1}
  m_Children:
  - {fileID: 4330051603620205}
  m_Father: {fileID: 4504519860394513}
  m_RootOrder: 0
  m_LocalEulerAnglesHint: {x: 8.537736E-07, y: -1.885621E-27, z: 2.530838E-19}
--- !u!1 &1857909985578944
GameObject:
  m_CorrespondingSourceObject: {fileID: 0}
  m_PrefabInstance: {fileID: 100100000}
  m_PrefabAsset: {fileID: 0}
  serializedVersion: 5
  m_Component:
  - component: {fileID: 4330051603620205}
  m_Layer: 0
  m_Name: Spine5_end
  m_TagString: Untagged
  m_Icon: {fileID: 0}
  m_NavMeshLayer: 0
  m_StaticEditorFlags: 0
  m_IsActive: 1
--- !u!4 &4330051603620205
Transform:
  m_CorrespondingSourceObject: {fileID: 0}
  m_PrefabInstance: {fileID: 100100000}
  m_PrefabAsset: {fileID: 0}
  m_GameObject: {fileID: 1857909985578944}
  m_LocalRotation: {x: 0, y: 0, z: 0, w: 1}
  m_LocalPosition: {x: 0, y: 0.01742903, z: 0}
  m_LocalScale: {x: 1, y: 1, z: 1}
  m_Children: []
  m_Father: {fileID: 4441475621577108}
  m_RootOrder: 0
  m_LocalEulerAnglesHint: {x: 0, y: 0, z: 0}
--- !u!1 &1510146337795993
GameObject:
  m_CorrespondingSourceObject: {fileID: 0}
  m_PrefabInstance: {fileID: 100100000}
  m_PrefabAsset: {fileID: 0}
  serializedVersion: 5
  m_Component:
  - component: {fileID: 4393653951883608}
  - component: {fileID: 137860015589460772}
  m_Layer: 0
  m_Name: Cube
  m_TagString: Untagged
  m_Icon: {fileID: 0}
  m_NavMeshLayer: 0
  m_StaticEditorFlags: 0
  m_IsActive: 1
--- !u!4 &4393653951883608
Transform:
  m_CorrespondingSourceObject: {fileID: 0}
  m_PrefabInstance: {fileID: 100100000}
  m_PrefabAsset: {fileID: 0}
  m_GameObject: {fileID: 1510146337795993}
  m_LocalRotation: {x: -0.7071068, y: 0, z: 0, w: 0.7071067}
  m_LocalPosition: {x: 0, y: 0, z: 0}
  m_LocalScale: {x: 50, y: 49.99997, z: 49.99997}
  m_Children: []
  m_Father: {fileID: 4595836746403323}
  m_RootOrder: 1
  m_LocalEulerAnglesHint: {x: -90.00001, y: 0, z: 0}
--- !u!137 &137860015589460772
SkinnedMeshRenderer:
  m_CorrespondingSourceObject: {fileID: 0}
  m_PrefabInstance: {fileID: 100100000}
  m_PrefabAsset: {fileID: 0}
  m_GameObject: {fileID: 1510146337795993}
  m_Enabled: 1
  m_CastShadows: 1
  m_ReceiveShadows: 1
  m_DynamicOccludee: 1
  m_MotionVectors: 1
  m_LightProbeUsage: 1
  m_ReflectionProbeUsage: 1
  m_RayTracingMode: 0
  m_RenderingLayerMask: 1
  m_RendererPriority: 0
  m_Materials:
  - {fileID: 2100000, guid: e33e74117ac991b40a3fa2b1c9c39d1a, type: 2}
  m_StaticBatchInfo:
    firstSubMesh: 0
    subMeshCount: 0
  m_StaticBatchRoot: {fileID: 0}
  m_ProbeAnchor: {fileID: 0}
  m_LightProbeVolumeOverride: {fileID: 0}
  m_ScaleInLightmap: 1
  m_ReceiveGI: 1
  m_PreserveUVs: 0
  m_IgnoreNormalsForChartDetection: 0
  m_ImportantGI: 0
  m_StitchLightmapSeams: 0
  m_SelectedEditorRenderState: 3
  m_MinimumChartSize: 4
  m_AutoUVMaxDistance: 0.5
  m_AutoUVMaxAngle: 89
  m_LightmapParameters: {fileID: 0}
  m_SortingLayerID: 0
  m_SortingLayer: 0
  m_SortingOrder: 0
  serializedVersion: 2
  m_Quality: 0
  m_UpdateWhenOffscreen: 0
  m_skinnedMotionVectors: 1
  m_Mesh: {fileID: 4300000, guid: 9bbfa7d7626ffa74d81ea5c5193d4ae2, type: 2}
  m_Bones:
  - {fileID: 4954415630014135}
  - {fileID: 4701736859280003}
  - {fileID: 4278823466522186}
  - {fileID: 4491299059678556}
  - {fileID: 4504519860394513}
  - {fileID: 4441475621577108}
  - {fileID: 4662913619300375}
  - {fileID: 4046322288920649}
  m_BlendShapeWeights: []
  m_RootBone: {fileID: 4954415630014135}
  m_AABB:
    m_Center: {x: -8.847564E-09, y: 0.00481691, z: -0.02834008}
    m_Extent: {x: 0.005803677, y: 0.006224474, z: 0.04573124}
  m_DirtyAABB: 0
