%YAML 1.1
%TAG !u! tag:unity3d.com,2011:
--- !u!1001 &100100000
PrefabInstance:
  serializedVersion: 2
  m_RootGameObject: {fileID: 1077103518229557}
  m_Modification:
    m_TransformParent: {fileID: 0}
    m_Modifications: []
    m_RemovedComponents: []
  m_SourcePrefab: {fileID: 0}
--- !u!1 &1077103518229557
GameObject:
  m_CorrespondingSourceObject: {fileID: 0}
  m_PrefabInstance: {fileID: 100100000}
  m_PrefabAsset: {fileID: 0}
  serializedVersion: 5
  m_Component:
  - component: {fileID: 4588367756404755}
  - component: {fileID: 114224759054498593}
  - component: {fileID: 114520369349079242}
  - component: {fileID: 114361067047455731}
  - component: {fileID: 136845364712504128}
  - component: {fileID: 114418947910901760}
  - component: {fileID: 114489931331845171}
  - component: {fileID: 114652257953310641}
  - component: {fileID: 205317860046332306}
  m_Layer: 16
  m_Name: Pickable_Barley
  m_TagString: Untagged
  m_Icon: {fileID: 0}
  m_NavMeshLayer: 0
  m_StaticEditorFlags: 0
  m_IsActive: 1
--- !u!4 &4588367756404755
Transform:
  m_CorrespondingSourceObject: {fileID: 0}
  m_PrefabInstance: {fileID: 100100000}
  m_PrefabAsset: {fileID: 0}
  m_GameObject: {fileID: 1077103518229557}
  m_LocalRotation: {x: 0, y: 0, z: 0, w: 1}
  m_LocalPosition: {x: 1.401, y: 50, z: -0.786}
  m_LocalScale: {x: 1, y: 1, z: 1}
  m_Children:
  - {fileID: 4760764159334049}
  - {fileID: 4915783709081311}
  - {fileID: 4564847419477773}
  m_Father: {fileID: 0}
  m_RootOrder: 0
  m_LocalEulerAnglesHint: {x: 0, y: 0, z: 0}
--- !u!114 &114224759054498593
MonoBehaviour:
  m_CorrespondingSourceObject: {fileID: 0}
  m_PrefabInstance: {fileID: 100100000}
  m_PrefabAsset: {fileID: 0}
  m_GameObject: {fileID: 1077103518229557}
  m_Enabled: 1
  m_EditorHideFlags: 0
  m_Script: {fileID: 11500000, guid: 8d13d63090ca3f942b327ae131eec5a0, type: 3}
  m_Name:
  m_EditorClassIdentifier:
  m_persistent: 1
  m_distant: 0
  m_type: 0
  m_syncInitialScale: 1
--- !u!114 &114520369349079242
MonoBehaviour:
  m_CorrespondingSourceObject: {fileID: 0}
  m_PrefabInstance: {fileID: 100100000}
  m_PrefabAsset: {fileID: 0}
  m_GameObject: {fileID: 1077103518229557}
  m_Enabled: 1
  m_EditorHideFlags: 0
  m_Script: {fileID: 11500000, guid: 2f8aac280e7d38d4293fefec606f14a6, type: 3}
  m_Name:
  m_EditorClassIdentifier:
  m_destructibleType: 1
  m_health: 1
  m_damages:
    m_blunt: 0
    m_slash: 0
    m_pierce: 0
    m_chop: 0
    m_pickaxe: 0
    m_fire: 0
    m_frost: 0
    m_lightning: 0
    m_poison: 0
    m_spirit: 0
  m_minDamageTreshold: 0
  m_minToolTier: 0
  m_hitNoise: 0
  m_destroyNoise: 0
  m_ttl: 0
  m_spawnWhenDestroyed: {fileID: 0}
  m_destroyedEffect:
    m_effectPrefabs:
    - m_prefab: {fileID: 1667380534504289, guid: 638508fa88c2b134495e7f679cd5ded9, type: 2}
      m_enabled: 1
      m_variant: -1
      m_attach: 0
      m_inheritParentRotation: 0
      m_inheritParentScale: 0
      m_randomRotation: 0
      m_scale: 0
      m_childTransform:
    - m_prefab: {fileID: 1704678813307018, guid: 7f29b7ae17885eb43a221b6d4b4bf6b7, type: 2}
      m_enabled: 1
      m_variant: -1
      m_attach: 0
      m_inheritParentRotation: 0
      m_inheritParentScale: 0
      m_randomRotation: 0
      m_scale: 0
      m_childTransform:
  m_hitEffect:
    m_effectPrefabs: []
  m_autoCreateFragments: 1
--- !u!114 &114361067047455731
MonoBehaviour:
  m_CorrespondingSourceObject: {fileID: 0}
  m_PrefabInstance: {fileID: 100100000}
  m_PrefabAsset: {fileID: 0}
  m_GameObject: {fileID: 1077103518229557}
  m_Enabled: 1
  m_EditorHideFlags: 0
  m_Script: {fileID: 11500000, guid: 9bb244c15c105294bb0c5ad333f7115a, type: 3}
  m_Name:
  m_EditorClassIdentifier:
  m_primaryTarget: 1
  m_randomTarget: 1
--- !u!136 &136845364712504128
CapsuleCollider:
  m_CorrespondingSourceObject: {fileID: 0}
  m_PrefabInstance: {fileID: 100100000}
  m_PrefabAsset: {fileID: 0}
  m_GameObject: {fileID: 1077103518229557}
  m_Material: {fileID: 0}
  m_IsTrigger: 0
  m_Enabled: 1
  m_Radius: 0.4
  m_Height: 1.450752
  m_Direction: 1
  m_Center: {x: 0, y: 0.58, z: 0}
--- !u!114 &114418947910901760
MonoBehaviour:
  m_CorrespondingSourceObject: {fileID: 0}
  m_PrefabInstance: {fileID: 100100000}
  m_PrefabAsset: {fileID: 0}
  m_GameObject: {fileID: 1077103518229557}
  m_Enabled: 1
  m_EditorHideFlags: 0
  m_Script: {fileID: 11500000, guid: 095a9d5d71bb0fe43b86dede519d3a78, type: 3}
  m_Name:
  m_EditorClassIdentifier:
  m_pushUp: 1
  m_fall: 1
  m_checkSolids: 0
  m_fallCheckRadius: 0
--- !u!114 &114489931331845171
MonoBehaviour:
  m_CorrespondingSourceObject: {fileID: 0}
  m_PrefabInstance: {fileID: 100100000}
  m_PrefabAsset: {fileID: 0}
  m_GameObject: {fileID: 1077103518229557}
  m_Enabled: 1
  m_EditorHideFlags: 0
  m_Script: {fileID: 11500000, guid: d6e95e99a170fe544a329c9fc479bc57, type: 3}
  m_Name:
  m_EditorClassIdentifier:
  m_hideWhenPicked: {fileID: 0}
  m_itemPrefab: {fileID: 1158084568227047, guid: baae0aca0b27c3b46a5c6ba78b193217, type: 2}
  m_amount: 2
  m_extraDrops:
    m_drops: []
    m_dropMin: 1
    m_dropMax: 1
    m_dropChance: 1
    m_oneOfEach: 0
  m_overrideName:
  m_respawnTimeMinutes: 0
  m_spawnOffset: 0.5
  m_pickEffector:
    m_effectPrefabs:
    - m_prefab: {fileID: 1667380534504289, guid: 638508fa88c2b134495e7f679cd5ded9, type: 2}
      m_enabled: 1
      m_variant: -1
      m_attach: 0
      m_inheritParentRotation: 0
      m_inheritParentScale: 0
      m_randomRotation: 0
      m_scale: 0
      m_childTransform:
    - m_prefab: {fileID: 1704678813307018, guid: 7f29b7ae17885eb43a221b6d4b4bf6b7, type: 2}
      m_enabled: 1
      m_variant: -1
      m_attach: 0
      m_inheritParentRotation: 0
      m_inheritParentScale: 0
      m_randomRotation: 0
      m_scale: 0
      m_childTransform:
  m_pickEffectAtSpawnPoint: 0
  m_useInteractAnimation: 1
  m_tarPreventsPicking: 0
--- !u!114 &114652257953310641
MonoBehaviour:
  m_CorrespondingSourceObject: {fileID: 0}
  m_PrefabInstance: {fileID: 100100000}
  m_PrefabAsset: {fileID: 0}
  m_GameObject: {fileID: 1077103518229557}
  m_Enabled: 1
  m_EditorHideFlags: 0
  m_Script: {fileID: 11500000, guid: 7879199b7ca3b04408f73b6c14ea3cfd, type: 3}
  m_Name:
  m_EditorClassIdentifier:
  m_dropWhenDestroyed:
    m_drops:
    - m_item: {fileID: 1158084568227047, guid: baae0aca0b27c3b46a5c6ba78b193217, type: 2}
      m_stackMin: 2
      m_stackMax: 2
      m_weight: 1
    m_dropMin: 1
    m_dropMax: 1
    m_dropChance: 1
    m_oneOfEach: 0
  m_spawnYOffset: 0.5
  m_spawnYStep: 0.3
--- !u!205 &205317860046332306
LODGroup:
  m_CorrespondingSourceObject: {fileID: 0}
  m_PrefabInstance: {fileID: 100100000}
  m_PrefabAsset: {fileID: 0}
  m_GameObject: {fileID: 1077103518229557}
  serializedVersion: 2
  m_LocalReferencePoint: {x: 0.1423785, y: 0.6631607, z: -0.01788574}
  m_Size: 1.540878
  m_FadeMode: 0
  m_AnimateCrossFading: 0
  m_LastLODIsBillboard: 0
  m_LODs:
  - screenRelativeHeight: 0.05035604
    fadeTransitionWidth: 0
    renderers:
    - renderer: {fileID: 23500963587363685}
    - renderer: {fileID: 23303905980371272}
    - renderer: {fileID: 23513071902931945}
  m_Enabled: 1
--- !u!1 &1457242985505913
GameObject:
  m_CorrespondingSourceObject: {fileID: 0}
  m_PrefabInstance: {fileID: 100100000}
  m_PrefabAsset: {fileID: 0}
  serializedVersion: 5
  m_Component:
  - component: {fileID: 4760764159334049}
  - component: {fileID: 33736880736104109}
  - component: {fileID: 23500963587363685}
  m_Layer: 16
  m_Name: barley_sapling
  m_TagString: Untagged
  m_Icon: {fileID: 0}
  m_NavMeshLayer: 0
  m_StaticEditorFlags: 0
  m_IsActive: 1
--- !u!4 &4760764159334049
Transform:
  m_CorrespondingSourceObject: {fileID: 0}
  m_PrefabInstance: {fileID: 100100000}
  m_PrefabAsset: {fileID: 0}
  m_GameObject: {fileID: 1457242985505913}
  m_LocalRotation: {x: -0.02357521, y: -0.9969248, z: 0.07281759, w: -0.01681511}
  m_LocalPosition: {x: -0.212, y: -0.00799942, z: -0.204}
  m_LocalScale: {x: 0.4948373, y: 0.494837, z: 0.4948372}
  m_Children: []
  m_Father: {fileID: 4588367756404755}
  m_RootOrder: 0
  m_LocalEulerAnglesHint: {x: -171.6921, y: -2.118145, z: -177.4445}
--- !u!33 &33736880736104109
MeshFilter:
  m_CorrespondingSourceObject: {fileID: 0}
  m_PrefabInstance: {fileID: 100100000}
  m_PrefabAsset: {fileID: 0}
  m_GameObject: {fileID: 1457242985505913}
  m_Mesh: {fileID: 4300000, guid: 2bf0195915d1d9e458d7ab36786054c6, type: 2}
--- !u!23 &23500963587363685
MeshRenderer:
  m_CorrespondingSourceObject: {fileID: 0}
  m_PrefabInstance: {fileID: 100100000}
  m_PrefabAsset: {fileID: 0}
  m_GameObject: {fileID: 1457242985505913}
  m_Enabled: 1
  m_CastShadows: 1
  m_ReceiveShadows: 1
  m_DynamicOccludee: 1
  m_MotionVectors: 1
  m_LightProbeUsage: 1
  m_ReflectionProbeUsage: 1
  m_RayTracingMode: 2
  m_RenderingLayerMask: 1
  m_RendererPriority: 0
  m_Materials:
  - {fileID: 2100000, guid: 12212da9d6cc73045a604a694d4e476b, type: 2}
  m_StaticBatchInfo:
    firstSubMesh: 0
    subMeshCount: 0
  m_StaticBatchRoot: {fileID: 0}
  m_ProbeAnchor: {fileID: 0}
  m_LightProbeVolumeOverride: {fileID: 0}
  m_ScaleInLightmap: 1
  m_ReceiveGI: 1
  m_PreserveUVs: 0
  m_IgnoreNormalsForChartDetection: 0
  m_ImportantGI: 0
  m_StitchLightmapSeams: 0
  m_SelectedEditorRenderState: 3
  m_MinimumChartSize: 4
  m_AutoUVMaxDistance: 0.5
  m_AutoUVMaxAngle: 89
  m_LightmapParameters: {fileID: 0}
  m_SortingLayerID: 0
  m_SortingLayer: 0
  m_SortingOrder: 0
--- !u!1 &1588115225049168
GameObject:
  m_CorrespondingSourceObject: {fileID: 0}
  m_PrefabInstance: {fileID: 100100000}
  m_PrefabAsset: {fileID: 0}
  serializedVersion: 5
  m_Component:
  - component: {fileID: 4915783709081311}
  - component: {fileID: 33122512238526434}
  - component: {fileID: 23303905980371272}
  m_Layer: 16
  m_Name: barley_sapling (1)
  m_TagString: Untagged
  m_Icon: {fileID: 0}
  m_NavMeshLayer: 0
  m_StaticEditorFlags: 0
  m_IsActive: 1
--- !u!4 &4915783709081311
Transform:
  m_CorrespondingSourceObject: {fileID: 0}
  m_PrefabInstance: {fileID: 100100000}
  m_PrefabAsset: {fileID: 0}
  m_GameObject: {fileID: 1588115225049168}
  m_LocalRotation: {x: -0.02263323, y: 0.4349681, z: -0.0714635, w: 0.8973202}
  m_LocalPosition: {x: 0.25, y: -0.01800156, z: -0.153}
  m_LocalScale: {x: 0.494837, y: 0.4948369, z: 0.494837}
  m_Children: []
  m_Father: {fileID: 4588367756404755}
  m_RootOrder: 1
  m_LocalEulerAnglesHint: {x: -9.404551, y: -51.02097, z: 13.60262}
--- !u!33 &33122512238526434
MeshFilter:
  m_CorrespondingSourceObject: {fileID: 0}
  m_PrefabInstance: {fileID: 100100000}
  m_PrefabAsset: {fileID: 0}
  m_GameObject: {fileID: 1588115225049168}
  m_Mesh: {fileID: 4300000, guid: 2bf0195915d1d9e458d7ab36786054c6, type: 2}
--- !u!23 &23303905980371272
MeshRenderer:
  m_CorrespondingSourceObject: {fileID: 0}
  m_PrefabInstance: {fileID: 100100000}
  m_PrefabAsset: {fileID: 0}
  m_GameObject: {fileID: 1588115225049168}
  m_Enabled: 1
  m_CastShadows: 1
  m_ReceiveShadows: 1
  m_DynamicOccludee: 1
  m_MotionVectors: 1
  m_LightProbeUsage: 1
  m_ReflectionProbeUsage: 1
  m_RayTracingMode: 2
  m_RenderingLayerMask: 1
  m_RendererPriority: 0
  m_Materials:
  - {fileID: 2100000, guid: 12212da9d6cc73045a604a694d4e476b, type: 2}
  m_StaticBatchInfo:
    firstSubMesh: 0
    subMeshCount: 0
  m_StaticBatchRoot: {fileID: 0}
  m_ProbeAnchor: {fileID: 0}
  m_LightProbeVolumeOverride: {fileID: 0}
  m_ScaleInLightmap: 1
  m_ReceiveGI: 1
  m_PreserveUVs: 0
  m_IgnoreNormalsForChartDetection: 0
  m_ImportantGI: 0
  m_StitchLightmapSeams: 0
  m_SelectedEditorRenderState: 3
  m_MinimumChartSize: 4
  m_AutoUVMaxDistance: 0.5
  m_AutoUVMaxAngle: 89
  m_LightmapParameters: {fileID: 0}
  m_SortingLayerID: 0
  m_SortingLayer: 0
  m_SortingOrder: 0
--- !u!1 &1822170081313826
GameObject:
  m_CorrespondingSourceObject: {fileID: 0}
  m_PrefabInstance: {fileID: 100100000}
  m_PrefabAsset: {fileID: 0}
  serializedVersion: 5
  m_Component:
  - component: {fileID: 4564847419477773}
  - component: {fileID: 33118597595004549}
  - component: {fileID: 23513071902931945}
  m_Layer: 16
  m_Name: barley_sapling (2)
  m_TagString: Untagged
  m_Icon: {fileID: 0}
  m_NavMeshLayer: 0
  m_StaticEditorFlags: 0
  m_IsActive: 1
--- !u!4 &4564847419477773
Transform:
  m_CorrespondingSourceObject: {fileID: 0}
  m_PrefabInstance: {fileID: 100100000}
  m_PrefabAsset: {fileID: 0}
  m_GameObject: {fileID: 1822170081313826}
  m_LocalRotation: {x: 0, y: -0.8595329, z: 0, w: 0.5110805}
  m_LocalPosition: {x: -0.004999995, y: 0, z: 0.28}
  m_LocalScale: {x: 0.4948371, y: 0.4948369, z: 0.494837}
  m_Children: []
  m_Father: {fileID: 4588367756404755}
  m_RootOrder: 2
  m_LocalEulerAnglesHint: {x: 180, y: 61.47165, z: 180}
--- !u!33 &33118597595004549
MeshFilter:
  m_CorrespondingSourceObject: {fileID: 0}
  m_PrefabInstance: {fileID: 100100000}
  m_PrefabAsset: {fileID: 0}
  m_GameObject: {fileID: 1822170081313826}
  m_Mesh: {fileID: 4300000, guid: 2bf0195915d1d9e458d7ab36786054c6, type: 2}
--- !u!23 &23513071902931945
MeshRenderer:
  m_CorrespondingSourceObject: {fileID: 0}
  m_PrefabInstance: {fileID: 100100000}
  m_PrefabAsset: {fileID: 0}
  m_GameObject: {fileID: 1822170081313826}
  m_Enabled: 1
  m_CastShadows: 1
  m_ReceiveShadows: 1
  m_DynamicOccludee: 1
  m_MotionVectors: 1
  m_LightProbeUsage: 1
  m_ReflectionProbeUsage: 1
  m_RayTracingMode: 2
  m_RenderingLayerMask: 1
  m_RendererPriority: 0
  m_Materials:
  - {fileID: 2100000, guid: 12212da9d6cc73045a604a694d4e476b, type: 2}
  m_StaticBatchInfo:
    firstSubMesh: 0
    subMeshCount: 0
  m_StaticBatchRoot: {fileID: 0}
  m_ProbeAnchor: {fileID: 0}
  m_LightProbeVolumeOverride: {fileID: 0}
  m_ScaleInLightmap: 1
  m_ReceiveGI: 1
  m_PreserveUVs: 0
  m_IgnoreNormalsForChartDetection: 0
  m_ImportantGI: 0
  m_StitchLightmapSeams: 0
  m_SelectedEditorRenderState: 3
  m_MinimumChartSize: 4
  m_AutoUVMaxDistance: 0.5
  m_AutoUVMaxAngle: 89
  m_LightmapParameters: {fileID: 0}
  m_SortingLayerID: 0
  m_SortingLayer: 0
  m_SortingOrder: 0
