%YAML 1.1
%TAG !u! tag:unity3d.com,2011:
--- !u!1001 &100100000
PrefabInstance:
  serializedVersion: 2
  m_RootGameObject: {fileID: 1354899850274903}
  m_Modification:
    m_TransformParent: {fileID: 0}
    m_Modifications: []
    m_RemovedComponents: []
  m_SourcePrefab: {fileID: 0}
--- !u!1 &1354899850274903
GameObject:
  m_CorrespondingSourceObject: {fileID: 0}
  m_PrefabInstance: {fileID: 100100000}
  m_PrefabAsset: {fileID: 0}
  serializedVersion: 5
  m_Component:
  - component: {fileID: 4558793293362677}
  - component: {fileID: 114770612627874325}
  - component: {fileID: 114510582372703644}
  - component: {fileID: 114029118380008222}
  - component: {fileID: 205433184786732257}
  m_Layer: 10
  m_Name: piece_banner06
  m_TagString: Untagged
  m_Icon: {fileID: 0}
  m_NavMeshLayer: 0
  m_StaticEditorFlags: 0
  m_IsActive: 1
--- !u!4 &4558793293362677
Transform:
  m_CorrespondingSourceObject: {fileID: 0}
  m_PrefabInstance: {fileID: 100100000}
  m_PrefabAsset: {fileID: 0}
  m_GameObject: {fileID: 1354899850274903}
  m_LocalRotation: {x: 0, y: 0, z: 0, w: 1}
  m_LocalPosition: {x: 0, y: 53.611, z: 6.57}
  m_LocalScale: {x: 1, y: 1, z: 1}
  m_Children:
  - {fileID: 4009002691321052}
  - {fileID: 4573880357426093}
  m_Father: {fileID: 0}
  m_RootOrder: 0
  m_LocalEulerAnglesHint: {x: 0, y: 0, z: 0}
--- !u!114 &114770612627874325
MonoBehaviour:
  m_CorrespondingSourceObject: {fileID: 0}
  m_PrefabInstance: {fileID: 100100000}
  m_PrefabAsset: {fileID: 0}
  m_GameObject: {fileID: 1354899850274903}
  m_Enabled: 1
  m_EditorHideFlags: 0
  m_Script: {fileID: 11500000, guid: e64dc9225b089f741ae662be1bf243ce, type: 3}
  m_Name:
  m_EditorClassIdentifier:
  m_primaryTarget: 0
  m_randomTarget: 0
  m_targetNonPlayerBuilt: 1
  m_icon: {fileID: 21300202, guid: 2c13a7d8b899c57499dfb133f02c9ce3, type: 3}
  m_name: $piece_banner06
  m_description:
  m_enabled: 1
  m_category: 3
  m_isUpgrade: 0
  m_comfort: 1
  m_comfortGroup: 3
  m_comfortObject: {fileID: 0}
  m_groundPiece: 0
  m_allowAltGroundPlacement: 0
  m_groundOnly: 0
  m_cultivatedGroundOnly: 0
  m_waterPiece: 0
  m_clipGround: 0
  m_clipEverything: 0
  m_noInWater: 0
  m_notOnWood: 0
  m_notOnTiltingSurface: 0
  m_inCeilingOnly: 0
  m_notOnFloor: 1
  m_noClipping: 0
  m_onlyInTeleportArea: 0
  m_allowedInDungeons: 0
  m_spaceRequirement: 0
  m_repairPiece: 0
  m_canBeRemoved: 1
  m_allowRotatedOverlap: 0
  m_onlyInBiome: 0
  m_placeEffect:
    m_effectPrefabs:
    - m_prefab: {fileID: 1615546465314122, guid: f0c421b63fea940448b2b89b3381a90c, type: 2}
      m_enabled: 1
      m_variant: -1
      m_attach: 0
      m_inheritParentRotation: 0
      m_inheritParentScale: 0
      m_randomRotation: 0
      m_scale: 0
      m_childTransform:
    - m_prefab: {fileID: 1983270808287783, guid: 21ec73d17b1679b4f93c32317d1b145d, type: 2}
      m_enabled: 1
      m_variant: -1
      m_attach: 0
      m_inheritParentRotation: 0
      m_inheritParentScale: 0
      m_randomRotation: 0
      m_scale: 0
      m_childTransform:
  m_dlc:
  m_craftingStation: {fileID: 114482654899726974, guid: 522ee334a40cf9145a21fbca29aa7f81, type: 2}
  m_resources:
  - m_resItem: {fileID: 114016541828145512, guid: 35d34bb069254a243b9fef12d93572a6, type: 2}
    m_amount: 6
    m_amountPerLevel: 1
    m_recover: 1
  - m_resItem: {fileID: 114334719979847460, guid: 6f54f8fe5c887cf419faa47aefb1fc64, type: 2}
    m_amount: 2
    m_amountPerLevel: 1
    m_recover: 1
  - m_resItem: {fileID: 114357442378185606, guid: 1b2facf52a636b74793b69a6d6bb4158, type: 2}
    m_amount: 2
    m_amountPerLevel: 1
    m_recover: 1
  - m_resItem: {fileID: 114681061705999436, guid: e59198bb5374de247a84af603ebc65f9, type: 2}
    m_amount: 2
    m_amountPerLevel: 1
    m_recover: 1
  - m_resItem: {fileID: 114405752713391802, guid: 7beed7f6f663a8749b3b47d96d3b02da, type: 2}
    m_amount: 1
    m_amountPerLevel: 1
    m_recover: 1
  m_destroyedLootPrefab: {fileID: 0}
--- !u!114 &114510582372703644
MonoBehaviour:
  m_CorrespondingSourceObject: {fileID: 0}
  m_PrefabInstance: {fileID: 100100000}
  m_PrefabAsset: {fileID: 0}
  m_GameObject: {fileID: 1354899850274903}
  m_Enabled: 1
  m_EditorHideFlags: 0
  m_Script: {fileID: 11500000, guid: 8d13d63090ca3f942b327ae131eec5a0, type: 3}
  m_Name:
  m_EditorClassIdentifier:
  m_persistent: 1
  m_distant: 0
  m_type: 0
  m_syncInitialScale: 0
--- !u!114 &114029118380008222
MonoBehaviour:
  m_CorrespondingSourceObject: {fileID: 0}
  m_PrefabInstance: {fileID: 100100000}
  m_PrefabAsset: {fileID: 0}
  m_GameObject: {fileID: 1354899850274903}
  m_Enabled: 1
  m_EditorHideFlags: 0
  m_Script: {fileID: 11500000, guid: 3971d5aeabc92544cb1deab28458dc77, type: 3}
  m_Name:
  m_EditorClassIdentifier:
  m_new: {fileID: 0}
  m_worn: {fileID: 0}
  m_broken: {fileID: 0}
  m_wet: {fileID: 0}
  m_noRoofWear: 0
  m_noSupportWear: 1
  m_materialType: 0
  m_supports: 1
  m_comOffset: {x: 0, y: 0, z: 0}
  m_health: 50
  m_damages:
    m_blunt: 0
    m_slash: 0
    m_pierce: 1
    m_chop: 2
    m_pickaxe: 0
    m_fire: 0
    m_frost: 0
    m_lightning: 0
    m_poison: 3
    m_spirit: 3
  m_hitNoise: 0
  m_destroyNoise: 0
  m_destroyedEffect:
    m_effectPrefabs:
    - m_prefab: {fileID: 1552716516896563, guid: 6489fc8c73610324482f073b1303e44f, type: 2}
      m_enabled: 1
      m_variant: -1
      m_attach: 0
      m_inheritParentRotation: 0
      m_inheritParentScale: 0
      m_randomRotation: 0
      m_scale: 0
      m_childTransform:
    - m_prefab: {fileID: 1286009061253838, guid: 9410b2e6398ea6845923882b463cadf0, type: 2}
      m_enabled: 1
      m_variant: -1
      m_attach: 0
      m_inheritParentRotation: 0
      m_inheritParentScale: 0
      m_randomRotation: 0
      m_scale: 0
      m_childTransform:
  m_hitEffect:
    m_effectPrefabs:
    - m_prefab: {fileID: 1286009061253838, guid: 9410b2e6398ea6845923882b463cadf0, type: 2}
      m_enabled: 1
      m_variant: -1
      m_attach: 0
      m_inheritParentRotation: 0
      m_inheritParentScale: 0
      m_randomRotation: 0
      m_scale: 0
      m_childTransform:
  m_switchEffect:
    m_effectPrefabs: []
  m_autoCreateFragments: 1
  m_fragmentRoots: []
--- !u!205 &205433184786732257
LODGroup:
  m_CorrespondingSourceObject: {fileID: 0}
  m_PrefabInstance: {fileID: 100100000}
  m_PrefabAsset: {fileID: 0}
  m_GameObject: {fileID: 1354899850274903}
  serializedVersion: 2
  m_LocalReferencePoint: {x: 0, y: -1.413105, z: 0}
  m_Size: 3.02621
  m_FadeMode: 0
  m_AnimateCrossFading: 1
  m_LastLODIsBillboard: 0
  m_LODs:
  - screenRelativeHeight: 0.08813876
    fadeTransitionWidth: 0
    renderers:
    - renderer: {fileID: 23398873971821965}
    - renderer: {fileID: 23686930877035058}
  m_Enabled: 1
--- !u!1 &1500811861205390
GameObject:
  m_CorrespondingSourceObject: {fileID: 0}
  m_PrefabInstance: {fileID: 100100000}
  m_PrefabAsset: {fileID: 0}
  serializedVersion: 5
  m_Component:
  - component: {fileID: 4009002691321052}
  - component: {fileID: 33138902771391104}
  - component: {fileID: 23398873971821965}
  - component: {fileID: 65901638098245028}
  m_Layer: 10
  m_Name: woodbeam
  m_TagString: leaky
  m_Icon: {fileID: 0}
  m_NavMeshLayer: 0
  m_StaticEditorFlags: 0
  m_IsActive: 1
--- !u!4 &4009002691321052
Transform:
  m_CorrespondingSourceObject: {fileID: 0}
  m_PrefabInstance: {fileID: 100100000}
  m_PrefabAsset: {fileID: 0}
  m_GameObject: {fileID: 1500811861205390}
  m_LocalRotation: {x: 0, y: 0.7071068, z: 0, w: 0.7071068}
  m_LocalPosition: {x: 0, y: 0, z: 0}
  m_LocalScale: {x: 1.41, y: 0.2, z: 0.2}
  m_Children: []
  m_Father: {fileID: 4558793293362677}
  m_RootOrder: 0
  m_LocalEulerAnglesHint: {x: 0, y: -90, z: 0}
--- !u!33 &33138902771391104
MeshFilter:
  m_CorrespondingSourceObject: {fileID: 0}
  m_PrefabInstance: {fileID: 100100000}
  m_PrefabAsset: {fileID: 0}
  m_GameObject: {fileID: 1500811861205390}
  m_Mesh: {fileID: 4300000, guid: f813445ecfafbec40bdf810cc9a24968, type: 2}
--- !u!23 &23398873971821965
MeshRenderer:
  m_CorrespondingSourceObject: {fileID: 0}
  m_PrefabInstance: {fileID: 100100000}
  m_PrefabAsset: {fileID: 0}
  m_GameObject: {fileID: 1500811861205390}
  m_Enabled: 1
  m_CastShadows: 1
  m_ReceiveShadows: 1
  m_DynamicOccludee: 1
  m_MotionVectors: 1
  m_LightProbeUsage: 1
  m_ReflectionProbeUsage: 1
  m_RayTracingMode: 2
  m_RenderingLayerMask: 1
  m_RendererPriority: 0
  m_Materials:
  - {fileID: 2100000, guid: 2dc6d5792b655f34fbcb86f40d23cd12, type: 2}
  m_StaticBatchInfo:
    firstSubMesh: 0
    subMeshCount: 0
  m_StaticBatchRoot: {fileID: 0}
  m_ProbeAnchor: {fileID: 0}
  m_LightProbeVolumeOverride: {fileID: 0}
  m_ScaleInLightmap: 1
  m_ReceiveGI: 1
  m_PreserveUVs: 0
  m_IgnoreNormalsForChartDetection: 0
  m_ImportantGI: 0
  m_StitchLightmapSeams: 0
  m_SelectedEditorRenderState: 3
  m_MinimumChartSize: 4
  m_AutoUVMaxDistance: 0.5
  m_AutoUVMaxAngle: 89
  m_LightmapParameters: {fileID: 0}
  m_SortingLayerID: 0
  m_SortingLayer: 0
  m_SortingOrder: 0
--- !u!65 &65901638098245028
BoxCollider:
  m_CorrespondingSourceObject: {fileID: 0}
  m_PrefabInstance: {fileID: 100100000}
  m_PrefabAsset: {fileID: 0}
  m_GameObject: {fileID: 1500811861205390}
  m_Material: {fileID: 0}
  m_IsTrigger: 0
  m_Enabled: 1
  serializedVersion: 2
  m_Size: {x: 1, y: 1.5, z: 1.5}
  m_Center: {x: 0, y: 0, z: 0}
--- !u!1 &1767049316150205
GameObject:
  m_CorrespondingSourceObject: {fileID: 0}
  m_PrefabInstance: {fileID: 100100000}
  m_PrefabAsset: {fileID: 0}
  serializedVersion: 5
  m_Component:
  - component: {fileID: 4573880357426093}
  - component: {fileID: 33364086799989769}
  - component: {fileID: 23686930877035058}
  m_Layer: 0
  m_Name: default
  m_TagString: Untagged
  m_Icon: {fileID: 0}
  m_NavMeshLayer: 0
  m_StaticEditorFlags: 0
  m_IsActive: 1
--- !u!4 &4573880357426093
Transform:
  m_CorrespondingSourceObject: {fileID: 0}
  m_PrefabInstance: {fileID: 100100000}
  m_PrefabAsset: {fileID: 0}
  m_GameObject: {fileID: 1767049316150205}
  m_LocalRotation: {x: 0, y: 0, z: 0, w: 1}
  m_LocalPosition: {x: 0, y: 0, z: 0}
  m_LocalScale: {x: 1, y: 1, z: 1}
  m_Children: []
  m_Father: {fileID: 4558793293362677}
  m_RootOrder: 1
  m_LocalEulerAnglesHint: {x: 0, y: 0, z: 0}
--- !u!33 &33364086799989769
MeshFilter:
  m_CorrespondingSourceObject: {fileID: 0}
  m_PrefabInstance: {fileID: 100100000}
  m_PrefabAsset: {fileID: 0}
  m_GameObject: {fileID: 1767049316150205}
  m_Mesh: {fileID: 4300000, guid: d9a9d2cd23bf3bb4295dde9f104adec0, type: 2}
--- !u!23 &23686930877035058
MeshRenderer:
  m_CorrespondingSourceObject: {fileID: 0}
  m_PrefabInstance: {fileID: 100100000}
  m_PrefabAsset: {fileID: 0}
  m_GameObject: {fileID: 1767049316150205}
  m_Enabled: 1
  m_CastShadows: 1
  m_ReceiveShadows: 1
  m_DynamicOccludee: 1
  m_MotionVectors: 1
  m_LightProbeUsage: 1
  m_ReflectionProbeUsage: 1
  m_RayTracingMode: 2
  m_RenderingLayerMask: 1
  m_RendererPriority: 0
  m_Materials:
  - {fileID: 2100000, guid: 5500d667db2bcfb46a5b4287eeff263b, type: 2}
  m_StaticBatchInfo:
    firstSubMesh: 0
    subMeshCount: 0
  m_StaticBatchRoot: {fileID: 0}
  m_ProbeAnchor: {fileID: 0}
  m_LightProbeVolumeOverride: {fileID: 0}
  m_ScaleInLightmap: 1
  m_ReceiveGI: 1
  m_PreserveUVs: 0
  m_IgnoreNormalsForChartDetection: 0
  m_ImportantGI: 0
  m_StitchLightmapSeams: 0
  m_SelectedEditorRenderState: 3
  m_MinimumChartSize: 4
  m_AutoUVMaxDistance: 0.5
  m_AutoUVMaxAngle: 89
  m_LightmapParameters: {fileID: 0}
  m_SortingLayerID: 0
  m_SortingLayer: 0
  m_SortingOrder: 0
