%YAML 1.1
%TAG !u! tag:unity3d.com,2011:
--- !u!1001 &100100000
PrefabInstance:
  serializedVersion: 2
  m_RootGameObject: {fileID: 1208407482740293}
  m_Modification:
    m_TransformParent: {fileID: 0}
    m_Modifications: []
    m_RemovedComponents: []
  m_SourcePrefab: {fileID: 0}
--- !u!1 &1208407482740293
GameObject:
  m_CorrespondingSourceObject: {fileID: 0}
  m_PrefabInstance: {fileID: 100100000}
  m_PrefabAsset: {fileID: 0}
  serializedVersion: 5
  m_Component:
  - component: {fileID: 4763235898685565}
  - component: {fileID: 114049460185293138}
  - component: {fileID: 205125421949850536}
  - component: {fileID: 114711621545922784}
  - component: {fileID: 114389390002211609}
  m_Layer: 15
  m_Name: rock4_heath
  m_TagString: Untagged
  m_Icon: {fileID: 0}
  m_NavMeshLayer: 0
  m_StaticEditorFlags: 0
  m_IsActive: 1
--- !u!4 &4763235898685565
Transform:
  m_CorrespondingSourceObject: {fileID: 0}
  m_PrefabInstance: {fileID: 100100000}
  m_PrefabAsset: {fileID: 0}
  m_GameObject: {fileID: 1208407482740293}
  m_LocalRotation: {x: 0, y: 0, z: 0, w: 1}
  m_LocalPosition: {x: 0, y: 50, z: 0}
  m_LocalScale: {x: 1, y: 1, z: 1}
  m_Children:
  - {fileID: 4722025034618285}
  - {fileID: 4706423972061538}
  - {fileID: 4818765935985950}
  m_Father: {fileID: 0}
  m_RootOrder: 0
  m_LocalEulerAnglesHint: {x: 0, y: 0, z: 0}
--- !u!114 &114049460185293138
MonoBehaviour:
  m_CorrespondingSourceObject: {fileID: 0}
  m_PrefabInstance: {fileID: 100100000}
  m_PrefabAsset: {fileID: 0}
  m_GameObject: {fileID: 1208407482740293}
  m_Enabled: 1
  m_EditorHideFlags: 0
  m_Script: {fileID: 11500000, guid: 8d13d63090ca3f942b327ae131eec5a0, type: 3}
  m_Name:
  m_EditorClassIdentifier:
  m_persistent: 1
  m_distant: 0
  m_type: 2
  m_syncInitialScale: 1
--- !u!205 &205125421949850536
LODGroup:
  m_CorrespondingSourceObject: {fileID: 0}
  m_PrefabInstance: {fileID: 100100000}
  m_PrefabAsset: {fileID: 0}
  m_GameObject: {fileID: 1208407482740293}
  serializedVersion: 2
  m_LocalReferencePoint: {x: 1.248868, y: -3.954772, z: 1.017101}
  m_Size: 27.75412
  m_FadeMode: 1
  m_AnimateCrossFading: 1
  m_LastLODIsBillboard: 0
  m_LODs:
  - screenRelativeHeight: 0.249
    fadeTransitionWidth: 0
    renderers:
    - renderer: {fileID: 23418238426529392}
  m_Enabled: 1
--- !u!114 &114711621545922784
MonoBehaviour:
  m_CorrespondingSourceObject: {fileID: 0}
  m_PrefabInstance: {fileID: 100100000}
  m_PrefabAsset: {fileID: 0}
  m_GameObject: {fileID: 1208407482740293}
  m_Enabled: 1
  m_EditorHideFlags: 0
  m_Script: {fileID: 11500000, guid: ee3abb70e705d2b46b18e67ab433b4f4, type: 3}
  m_Name:
  m_EditorClassIdentifier:
--- !u!114 &114389390002211609
MonoBehaviour:
  m_CorrespondingSourceObject: {fileID: 0}
  m_PrefabInstance: {fileID: 100100000}
  m_PrefabAsset: {fileID: 0}
  m_GameObject: {fileID: 1208407482740293}
  m_Enabled: 1
  m_EditorHideFlags: 0
  m_Script: {fileID: 11500000, guid: 2f8aac280e7d38d4293fefec606f14a6, type: 3}
  m_Name:
  m_EditorClassIdentifier:
  m_destructibleType: 1
  m_health: 1
  m_damages:
    m_blunt: 3
    m_slash: 3
    m_pierce: 3
    m_chop: 3
    m_pickaxe: 0
    m_fire: 3
    m_frost: 3
    m_lightning: 3
    m_poison: 3
    m_spirit: 3
  m_minDamageTreshold: 0
  m_minToolTier: 0
  m_hitNoise: 0
  m_destroyNoise: 0
  m_ttl: 0
  m_spawnWhenDestroyed: {fileID: 1541217895069239, guid: 208aa30ffca802e49bb0ea752f290d44, type: 2}
  m_destroyedEffect:
    m_effectPrefabs: []
  m_hitEffect:
    m_effectPrefabs: []
  m_autoCreateFragments: 0
--- !u!1 &1004466950480274
GameObject:
  m_CorrespondingSourceObject: {fileID: 0}
  m_PrefabInstance: {fileID: 100100000}
  m_PrefabAsset: {fileID: 0}
  serializedVersion: 5
  m_Component:
  - component: {fileID: 4722025034618285}
  - component: {fileID: 33889260682513948}
  - component: {fileID: 23418238426529392}
  - component: {fileID: 64134086813907917}
  m_Layer: 15
  m_Name: model
  m_TagString: Untagged
  m_Icon: {fileID: 0}
  m_NavMeshLayer: 0
  m_StaticEditorFlags: 0
  m_IsActive: 1
--- !u!4 &4722025034618285
Transform:
  m_CorrespondingSourceObject: {fileID: 0}
  m_PrefabInstance: {fileID: 100100000}
  m_PrefabAsset: {fileID: 0}
  m_GameObject: {fileID: 1004466950480274}
  m_LocalRotation: {x: 0, y: 0, z: 0, w: 1}
  m_LocalPosition: {x: 0, y: 0, z: 0}
  m_LocalScale: {x: 4, y: 4, z: 4}
  m_Children: []
  m_Father: {fileID: 4763235898685565}
  m_RootOrder: 0
  m_LocalEulerAnglesHint: {x: 0, y: 0, z: 0}
--- !u!33 &33889260682513948
MeshFilter:
  m_CorrespondingSourceObject: {fileID: 0}
  m_PrefabInstance: {fileID: 100100000}
  m_PrefabAsset: {fileID: 0}
  m_GameObject: {fileID: 1004466950480274}
  m_Mesh: {fileID: 4300000, guid: 7fccb5993bcba2b49b7b87df63f3d892, type: 2}
--- !u!23 &23418238426529392
MeshRenderer:
  m_CorrespondingSourceObject: {fileID: 0}
  m_PrefabInstance: {fileID: 100100000}
  m_PrefabAsset: {fileID: 0}
  m_GameObject: {fileID: 1004466950480274}
  m_Enabled: 1
  m_CastShadows: 1
  m_ReceiveShadows: 1
  m_DynamicOccludee: 1
  m_MotionVectors: 1
  m_LightProbeUsage: 1
  m_ReflectionProbeUsage: 1
  m_RayTracingMode: 2
  m_RenderingLayerMask: 1
  m_RendererPriority: 0
  m_Materials:
  - {fileID: 2100000, guid: fae983ad51f79474082f0ca91933d2ee, type: 2}
  m_StaticBatchInfo:
    firstSubMesh: 0
    subMeshCount: 0
  m_StaticBatchRoot: {fileID: 0}
  m_ProbeAnchor: {fileID: 0}
  m_LightProbeVolumeOverride: {fileID: 0}
  m_ScaleInLightmap: 1
  m_ReceiveGI: 1
  m_PreserveUVs: 0
  m_IgnoreNormalsForChartDetection: 0
  m_ImportantGI: 0
  m_StitchLightmapSeams: 0
  m_SelectedEditorRenderState: 3
  m_MinimumChartSize: 4
  m_AutoUVMaxDistance: 0.5
  m_AutoUVMaxAngle: 89
  m_LightmapParameters: {fileID: 0}
  m_SortingLayerID: 0
  m_SortingLayer: 0
  m_SortingOrder: 0
--- !u!64 &64134086813907917
MeshCollider:
  m_CorrespondingSourceObject: {fileID: 0}
  m_PrefabInstance: {fileID: 100100000}
  m_PrefabAsset: {fileID: 0}
  m_GameObject: {fileID: 1004466950480274}
  m_Material: {fileID: 0}
  m_IsTrigger: 0
  m_Enabled: 1
  serializedVersion: 4
  m_Convex: 0
  m_CookingOptions: 30
  m_SkinWidth: 0.01
  m_Mesh: {fileID: 4300000, guid: 7fccb5993bcba2b49b7b87df63f3d892, type: 2}
--- !u!1 &1668243271325139
GameObject:
  m_CorrespondingSourceObject: {fileID: 0}
  m_PrefabInstance: {fileID: 100100000}
  m_PrefabAsset: {fileID: 0}
  serializedVersion: 5
  m_Component:
  - component: {fileID: 4706423972061538}
  - component: {fileID: 114343405955059845}
  m_Layer: 15
  m_Name: PaintTerrain
  m_TagString: Untagged
  m_Icon: {fileID: 0}
  m_NavMeshLayer: 0
  m_StaticEditorFlags: 0
  m_IsActive: 1
--- !u!4 &4706423972061538
Transform:
  m_CorrespondingSourceObject: {fileID: 0}
  m_PrefabInstance: {fileID: 100100000}
  m_PrefabAsset: {fileID: 0}
  m_GameObject: {fileID: 1668243271325139}
  m_LocalRotation: {x: 0, y: 0, z: 0, w: 1}
  m_LocalPosition: {x: -1.45, y: 0.36, z: 0}
  m_LocalScale: {x: 1, y: 1, z: 1}
  m_Children: []
  m_Father: {fileID: 4763235898685565}
  m_RootOrder: 1
  m_LocalEulerAnglesHint: {x: 0, y: 0, z: 0}
--- !u!114 &114343405955059845
MonoBehaviour:
  m_CorrespondingSourceObject: {fileID: 0}
  m_PrefabInstance: {fileID: 100100000}
  m_PrefabAsset: {fileID: 0}
  m_GameObject: {fileID: 1668243271325139}
  m_Enabled: 1
  m_EditorHideFlags: 0
  m_Script: {fileID: 11500000, guid: b49f2273bb8f17c48a8414ff4ec8349e, type: 3}
  m_Name:
  m_EditorClassIdentifier:
  m_sortOrder: 0
  m_useTerrainCompiler: 0
  m_playerModifiction: 0
  m_levelOffset: 0
  m_level: 0
  m_levelRadius: 2
  m_square: 0
  m_smooth: 0
  m_smoothRadius: 2
  m_smoothPower: 3
  m_paintCleared: 1
  m_paintHeightCheck: 1
  m_paintType: 0
  m_paintRadius: 10.18
  m_onPlacedEffect:
    m_effectPrefabs: []
  m_spawnOnPlaced: {fileID: 0}
  m_chanceToSpawn: 1
  m_maxSpawned: 1
  m_spawnAtMaxLevelDepth: 1
--- !u!1 &1020071324032990
GameObject:
  m_CorrespondingSourceObject: {fileID: 0}
  m_PrefabInstance: {fileID: 100100000}
  m_PrefabAsset: {fileID: 0}
  serializedVersion: 5
  m_Component:
  - component: {fileID: 4818765935985950}
  - component: {fileID: 114465264281383369}
  m_Layer: 15
  m_Name: PaintTerrain (1)
  m_TagString: Untagged
  m_Icon: {fileID: 0}
  m_NavMeshLayer: 0
  m_StaticEditorFlags: 0
  m_IsActive: 1
--- !u!4 &4818765935985950
Transform:
  m_CorrespondingSourceObject: {fileID: 0}
  m_PrefabInstance: {fileID: 100100000}
  m_PrefabAsset: {fileID: 0}
  m_GameObject: {fileID: 1020071324032990}
  m_LocalRotation: {x: 0, y: 0, z: 0, w: 1}
  m_LocalPosition: {x: 10.22, y: -0.25, z: -0.61}
  m_LocalScale: {x: 1, y: 1, z: 1}
  m_Children: []
  m_Father: {fileID: 4763235898685565}
  m_RootOrder: 2
  m_LocalEulerAnglesHint: {x: 0, y: 0, z: 0}
--- !u!114 &114465264281383369
MonoBehaviour:
  m_CorrespondingSourceObject: {fileID: 0}
  m_PrefabInstance: {fileID: 100100000}
  m_PrefabAsset: {fileID: 0}
  m_GameObject: {fileID: 1020071324032990}
  m_Enabled: 1
  m_EditorHideFlags: 0
  m_Script: {fileID: 11500000, guid: b49f2273bb8f17c48a8414ff4ec8349e, type: 3}
  m_Name:
  m_EditorClassIdentifier:
  m_sortOrder: 0
  m_useTerrainCompiler: 0
  m_playerModifiction: 0
  m_levelOffset: 0
  m_level: 0
  m_levelRadius: 2
  m_square: 0
  m_smooth: 0
  m_smoothRadius: 2
  m_smoothPower: 3
  m_paintCleared: 1
  m_paintHeightCheck: 1
  m_paintType: 0
  m_paintRadius: 4.12
  m_onPlacedEffect:
    m_effectPrefabs: []
  m_spawnOnPlaced: {fileID: 0}
  m_chanceToSpawn: 1
  m_maxSpawned: 1
  m_spawnAtMaxLevelDepth: 1
