%YAML 1.1
%TAG !u! tag:unity3d.com,2011:
--- !u!1001 &100100000
PrefabInstance:
  serializedVersion: 2
  m_RootGameObject: {fileID: 1975029451691376}
  m_Modification:
    m_TransformParent: {fileID: 0}
    m_Modifications: []
    m_RemovedComponents: []
  m_SourcePrefab: {fileID: 0}
--- !u!1 &1975029451691376
GameObject:
  m_CorrespondingSourceObject: {fileID: 0}
  m_PrefabInstance: {fileID: 100100000}
  m_PrefabAsset: {fileID: 0}
  serializedVersion: 5
  m_Component:
  - component: {fileID: 4434790819517807}
  - component: {fileID: 114485349545345435}
  - component: {fileID: 114449369862305496}
  - component: {fileID: 82865114945189423}
  - component: {fileID: 114589756592634250}
  - component: {fileID: 114111901965871028}
  m_Layer: 0
  m_Name: sfx_prespawn
  m_TagString: Untagged
  m_Icon: {fileID: 0}
  m_NavMeshLayer: 0
  m_StaticEditorFlags: 0
  m_IsActive: 1
--- !u!4 &4434790819517807
Transform:
  m_CorrespondingSourceObject: {fileID: 0}
  m_PrefabInstance: {fileID: 100100000}
  m_PrefabAsset: {fileID: 0}
  m_GameObject: {fileID: 1975029451691376}
  m_LocalRotation: {x: 0, y: 0, z: 0, w: 1}
  m_LocalPosition: {x: 19.27557, y: 52.377, z: 41.98973}
  m_LocalScale: {x: 1, y: 1, z: 1}
  m_Children: []
  m_Father: {fileID: 0}
  m_RootOrder: 0
  m_LocalEulerAnglesHint: {x: 0, y: 0, z: 0}
--- !u!114 &114485349545345435
MonoBehaviour:
  m_CorrespondingSourceObject: {fileID: 0}
  m_PrefabInstance: {fileID: 100100000}
  m_PrefabAsset: {fileID: 0}
  m_GameObject: {fileID: 1975029451691376}
  m_Enabled: 1
  m_EditorHideFlags: 0
  m_Script: {fileID: 11500000, guid: ef936629b81922942b47ff30c109208f, type: 3}
  m_Name:
  m_EditorClassIdentifier:
  m_timeout: 15
  m_triggerOnAwake: 1
--- !u!114 &114449369862305496
MonoBehaviour:
  m_CorrespondingSourceObject: {fileID: 0}
  m_PrefabInstance: {fileID: 100100000}
  m_PrefabAsset: {fileID: 0}
  m_GameObject: {fileID: 1975029451691376}
  m_Enabled: 1
  m_EditorHideFlags: 0
  m_Script: {fileID: 11500000, guid: 24a2629014ca4d943b9bcf5c30cf80b9, type: 3}
  m_Name:
  m_EditorClassIdentifier:
  m_playOnAwake: 1
  m_audioClips:
  - {fileID: 8300000, guid: d91fce9cef0ac9044885dbd1453e965d, type: 3}
  m_maxPitch: 1
  m_minPitch: 1
  m_maxVol: 1
  m_minVol: 1
  m_fadeInDuration: 1
  m_fadeOutDuration: 1
  m_fadeOutDelay: 10
  m_fadeOutOnAwake: 1
  m_randomPan: 0
  m_minPan: -1
  m_maxPan: 1
  m_maxDelay: 1
  m_minDelay: 1
  m_distanceReverb: 1
  m_useCustomReverbDistance: 0
  m_customReverbDistance: 10
--- !u!82 &82865114945189423
AudioSource:
  m_CorrespondingSourceObject: {fileID: 0}
  m_PrefabInstance: {fileID: 100100000}
  m_PrefabAsset: {fileID: 0}
  m_GameObject: {fileID: 1975029451691376}
  m_Enabled: 1
  serializedVersion: 4
  OutputAudioMixerGroup: {fileID: 27300000, guid: 0000000deadbeef15deadf00d0000000, type: 2}
  m_audioClip: {fileID: 0}
  m_PlayOnAwake: 0
  m_Volume: 1
  m_Pitch: 1
  Loop: 1
  Mute: 0
  Spatialize: 0
  SpatializePostEffects: 0
  Priority: 128
  DopplerLevel: 1
  MinDistance: 10
  MaxDistance: 50
  Pan2D: 0
  rolloffMode: 0
  BypassEffects: 0
  BypassListenerEffects: 0
  BypassReverbZones: 0
  rolloffCustomCurve:
    serializedVersion: 2
    m_Curve:
    - serializedVersion: 3
      time: 0.7803352
      value: 1
      inSlope: 0
      outSlope: 0
      tangentMode: 0
      weightedMode: 0
      inWeight: 0.3333333
      outWeight: 0.3333333
    - serializedVersion: 3
      time: 1
      value: 0
      inSlope: -1.052632
      outSlope: -1.052632
      tangentMode: 0
      weightedMode: 0
      inWeight: 0.3333333
      outWeight: 0.3333333
    m_PreInfinity: 2
    m_PostInfinity: 2
    m_RotationOrder: 0
  panLevelCustomCurve:
    serializedVersion: 2
    m_Curve:
    - serializedVersion: 3
      time: 0
      value: 1
      inSlope: 0
      outSlope: 0
      tangentMode: 0
      weightedMode: 0
      inWeight: 0.3333333
      outWeight: 0.3333333
    m_PreInfinity: 2
    m_PostInfinity: 2
    m_RotationOrder: 0
  spreadCustomCurve:
    serializedVersion: 2
    m_Curve:
    - serializedVersion: 3
      time: 0
      value: 0
      inSlope: 0
      outSlope: 0
      tangentMode: 0
      weightedMode: 0
      inWeight: 0.3333333
      outWeight: 0.3333333
    m_PreInfinity: 2
    m_PostInfinity: 2
    m_RotationOrder: 0
  reverbZoneMixCustomCurve:
    serializedVersion: 2
    m_Curve:
    - serializedVersion: 3
      time: 0
      value: 1
      inSlope: 0
      outSlope: 0
      tangentMode: 0
      weightedMode: 0
      inWeight: 0.3333333
      outWeight: 0.3333333
    m_PreInfinity: 2
    m_PostInfinity: 2
    m_RotationOrder: 0
--- !u!114 &114589756592634250
MonoBehaviour:
  m_CorrespondingSourceObject: {fileID: 0}
  m_PrefabInstance: {fileID: 100100000}
  m_PrefabAsset: {fileID: 0}
  m_GameObject: {fileID: 1975029451691376}
  m_Enabled: 1
  m_EditorHideFlags: 0
  m_Script: {fileID: 11500000, guid: 8d13d63090ca3f942b327ae131eec5a0, type: 3}
  m_Name:
  m_EditorClassIdentifier:
  m_persistent: 0
  m_distant: 0
  m_type: 0
  m_syncInitialScale: 0
--- !u!114 &114111901965871028
MonoBehaviour:
  m_CorrespondingSourceObject: {fileID: 0}
  m_PrefabInstance: {fileID: 100100000}
  m_PrefabAsset: {fileID: 0}
  m_GameObject: {fileID: 1975029451691376}
  m_Enabled: 1
  m_EditorHideFlags: 0
  m_Script: {fileID: 11500000, guid: fe6027cd9123dd74590e2ec2d5305c07, type: 3}
  m_Name:
  m_EditorClassIdentifier:
  m_strength: 1.5
  m_range: 50
  m_delay: 0
  m_continous: 1
  m_continousDuration: 0
  m_localOnly: 0
