%YAML 1.1
%TAG !u! tag:unity3d.com,2011:
--- !u!1001 &100100000
PrefabInstance:
  serializedVersion: 2
  m_RootGameObject: {fileID: 1461496217096310}
  m_Modification:
    m_TransformParent: {fileID: 0}
    m_Modifications: []
    m_RemovedComponents: []
  m_SourcePrefab: {fileID: 0}
--- !u!1 &1461496217096310
GameObject:
  m_CorrespondingSourceObject: {fileID: 0}
  m_PrefabInstance: {fileID: 100100000}
  m_PrefabAsset: {fileID: 0}
  serializedVersion: 5
  m_Component:
  - component: {fileID: 4605307420880422}
  - component: {fileID: 114368174466792910}
  - component: {fileID: 114644131380998906}
  - component: {fileID: 82042935566598284}
  m_Layer: 0
  m_Name: sfx_metalgate_close
  m_TagString: Untagged
  m_Icon: {fileID: 0}
  m_NavMeshLayer: 0
  m_StaticEditorFlags: 0
  m_IsActive: 1
--- !u!4 &4605307420880422
Transform:
  m_CorrespondingSourceObject: {fileID: 0}
  m_PrefabInstance: {fileID: 100100000}
  m_PrefabAsset: {fileID: 0}
  m_GameObject: {fileID: 1461496217096310}
  m_LocalRotation: {x: 0, y: 0, z: 0, w: 1}
  m_LocalPosition: {x: 19.27557, y: 52.377, z: 41.98973}
  m_LocalScale: {x: 1, y: 1, z: 1}
  m_Children:
  - {fileID: 4364991056722466}
  m_Father: {fileID: 0}
  m_RootOrder: 0
  m_LocalEulerAnglesHint: {x: 0, y: 0, z: 0}
--- !u!114 &114368174466792910
MonoBehaviour:
  m_CorrespondingSourceObject: {fileID: 0}
  m_PrefabInstance: {fileID: 100100000}
  m_PrefabAsset: {fileID: 0}
  m_GameObject: {fileID: 1461496217096310}
  m_Enabled: 1
  m_EditorHideFlags: 0
  m_Script: {fileID: 11500000, guid: ef936629b81922942b47ff30c109208f, type: 3}
  m_Name:
  m_EditorClassIdentifier:
  m_timeout: 3
  m_triggerOnAwake: 1
--- !u!114 &114644131380998906
MonoBehaviour:
  m_CorrespondingSourceObject: {fileID: 0}
  m_PrefabInstance: {fileID: 100100000}
  m_PrefabAsset: {fileID: 0}
  m_GameObject: {fileID: 1461496217096310}
  m_Enabled: 1
  m_EditorHideFlags: 0
  m_Script: {fileID: 11500000, guid: 24a2629014ca4d943b9bcf5c30cf80b9, type: 3}
  m_Name:
  m_EditorClassIdentifier:
  m_playOnAwake: 1
  m_audioClips:
  - {fileID: 8300000, guid: 451d69d867b3f03458b2a0ec88c3a041, type: 3}
  m_maxPitch: 1
  m_minPitch: 0.9
  m_maxVol: 0.3
  m_minVol: 0.3
  m_fadeInDuration: 0
  m_fadeOutDuration: 0
  m_fadeOutDelay: 0
  m_fadeOutOnAwake: 0
  m_randomPan: 0
  m_minPan: -1
  m_maxPan: 1
  m_maxDelay: 0
  m_minDelay: 0
  m_distanceReverb: 1
  m_useCustomReverbDistance: 0
  m_customReverbDistance: 10
--- !u!82 &82042935566598284
AudioSource:
  m_CorrespondingSourceObject: {fileID: 0}
  m_PrefabInstance: {fileID: 100100000}
  m_PrefabAsset: {fileID: 0}
  m_GameObject: {fileID: 1461496217096310}
  m_Enabled: 1
  serializedVersion: 4
  OutputAudioMixerGroup: {fileID: 27300000, guid: 0000000deadbeef15deadf00d0000000, type: 2}
  m_audioClip: {fileID: 0}
  m_PlayOnAwake: 0
  m_Volume: 1
  m_Pitch: 1
  Loop: 0
  Mute: 0
  Spatialize: 0
  SpatializePostEffects: 0
  Priority: 128
  DopplerLevel: 1
  MinDistance: 5
  MaxDistance: 30
  Pan2D: 0
  rolloffMode: 2
  BypassEffects: 0
  BypassListenerEffects: 0
  BypassReverbZones: 0
  rolloffCustomCurve:
    serializedVersion: 2
    m_Curve:
    - serializedVersion: 3
      time: 0.1
      value: 1
      inSlope: -10.00398
      outSlope: -10.00398
      tangentMode: 0
      weightedMode: 0
      inWeight: 0.3333333
      outWeight: 0.3333333
    - serializedVersion: 3
      time: 0.2
      value: 0.5
      inSlope: -2.500996
      outSlope: -2.500996
      tangentMode: 0
      weightedMode: 0
      inWeight: 0.3333333
      outWeight: 0.3333333
    - serializedVersion: 3
      time: 0.4
      value: 0.25
      inSlope: -0.625249
      outSlope: -0.625249
      tangentMode: 0
      weightedMode: 0
      inWeight: 0.3333333
      outWeight: 0.3333333
    - serializedVersion: 3
      time: 0.8
      value: 0.125
      inSlope: -0.1563122
      outSlope: -0.1563122
      tangentMode: 0
      weightedMode: 0
      inWeight: 0.3333333
      outWeight: 0.3333333
    - serializedVersion: 3
      time: 1
      value: 0
      inSlope: -0.1000399
      outSlope: -0.1000399
      tangentMode: 0
      weightedMode: 0
      inWeight: 0.3333333
      outWeight: 0.3333333
    m_PreInfinity: 2
    m_PostInfinity: 2
    m_RotationOrder: 0
  panLevelCustomCurve:
    serializedVersion: 2
    m_Curve:
    - serializedVersion: 3
      time: 0
      value: 1
      inSlope: 0
      outSlope: 0
      tangentMode: 0
      weightedMode: 0
      inWeight: 0.3333333
      outWeight: 0.3333333
    m_PreInfinity: 2
    m_PostInfinity: 2
    m_RotationOrder: 0
  spreadCustomCurve:
    serializedVersion: 2
    m_Curve:
    - serializedVersion: 3
      time: 0
      value: 0
      inSlope: 0
      outSlope: 0
      tangentMode: 0
      weightedMode: 0
      inWeight: 0.3333333
      outWeight: 0.3333333
    m_PreInfinity: 2
    m_PostInfinity: 2
    m_RotationOrder: 0
  reverbZoneMixCustomCurve:
    serializedVersion: 2
    m_Curve:
    - serializedVersion: 3
      time: 0
      value: 1
      inSlope: 0
      outSlope: 0
      tangentMode: 0
      weightedMode: 0
      inWeight: 0.3333333
      outWeight: 0.3333333
    m_PreInfinity: 2
    m_PostInfinity: 2
    m_RotationOrder: 0
--- !u!1 &1614932002165001
GameObject:
  m_CorrespondingSourceObject: {fileID: 0}
  m_PrefabInstance: {fileID: 100100000}
  m_PrefabAsset: {fileID: 0}
  serializedVersion: 5
  m_Component:
  - component: {fileID: 4364991056722466}
  - component: {fileID: 114944504299420396}
  - component: {fileID: 82152046654753537}
  m_Layer: 0
  m_Name: slam
  m_TagString: Untagged
  m_Icon: {fileID: 0}
  m_NavMeshLayer: 0
  m_StaticEditorFlags: 0
  m_IsActive: 1
--- !u!4 &4364991056722466
Transform:
  m_CorrespondingSourceObject: {fileID: 0}
  m_PrefabInstance: {fileID: 100100000}
  m_PrefabAsset: {fileID: 0}
  m_GameObject: {fileID: 1614932002165001}
  m_LocalRotation: {x: 0, y: 0, z: 0, w: 1}
  m_LocalPosition: {x: 0, y: 0, z: 0}
  m_LocalScale: {x: 1, y: 1, z: 1}
  m_Children: []
  m_Father: {fileID: 4605307420880422}
  m_RootOrder: 0
  m_LocalEulerAnglesHint: {x: 0, y: 0, z: 0}
--- !u!114 &114944504299420396
MonoBehaviour:
  m_CorrespondingSourceObject: {fileID: 0}
  m_PrefabInstance: {fileID: 100100000}
  m_PrefabAsset: {fileID: 0}
  m_GameObject: {fileID: 1614932002165001}
  m_Enabled: 1
  m_EditorHideFlags: 0
  m_Script: {fileID: 11500000, guid: 24a2629014ca4d943b9bcf5c30cf80b9, type: 3}
  m_Name:
  m_EditorClassIdentifier:
  m_playOnAwake: 1
  m_audioClips:
  - {fileID: 8300000, guid: 1ad56c1903dc51a45b9d42d7f54c743e, type: 3}
  m_maxPitch: 1.2
  m_minPitch: 1.2
  m_maxVol: 0.4
  m_minVol: 0.4
  m_fadeInDuration: 0
  m_fadeOutDuration: 0
  m_fadeOutDelay: 0
  m_fadeOutOnAwake: 0
  m_randomPan: 0
  m_minPan: -1
  m_maxPan: 1
  m_maxDelay: 0.35
  m_minDelay: 0.35
  m_distanceReverb: 1
  m_useCustomReverbDistance: 0
  m_customReverbDistance: 10
--- !u!82 &82152046654753537
AudioSource:
  m_CorrespondingSourceObject: {fileID: 0}
  m_PrefabInstance: {fileID: 100100000}
  m_PrefabAsset: {fileID: 0}
  m_GameObject: {fileID: 1614932002165001}
  m_Enabled: 1
  serializedVersion: 4
  OutputAudioMixerGroup: {fileID: 27300000, guid: 0000000deadbeef15deadf00d0000000, type: 2}
  m_audioClip: {fileID: 0}
  m_PlayOnAwake: 0
  m_Volume: 1
  m_Pitch: 1
  Loop: 0
  Mute: 0
  Spatialize: 0
  SpatializePostEffects: 0
  Priority: 128
  DopplerLevel: 1
  MinDistance: 5
  MaxDistance: 40
  Pan2D: 0
  rolloffMode: 2
  BypassEffects: 0
  BypassListenerEffects: 0
  BypassReverbZones: 0
  rolloffCustomCurve:
    serializedVersion: 2
    m_Curve:
    - serializedVersion: 3
      time: 0.1
      value: 1
      inSlope: -10.00398
      outSlope: -10.00398
      tangentMode: 0
      weightedMode: 0
      inWeight: 0.3333333
      outWeight: 0.3333333
    - serializedVersion: 3
      time: 0.2
      value: 0.5
      inSlope: -2.500996
      outSlope: -2.500996
      tangentMode: 0
      weightedMode: 0
      inWeight: 0.3333333
      outWeight: 0.3333333
    - serializedVersion: 3
      time: 0.4
      value: 0.25
      inSlope: -0.625249
      outSlope: -0.625249
      tangentMode: 0
      weightedMode: 0
      inWeight: 0.3333333
      outWeight: 0.3333333
    - serializedVersion: 3
      time: 0.8
      value: 0.125
      inSlope: -0.1563122
      outSlope: -0.1563122
      tangentMode: 0
      weightedMode: 0
      inWeight: 0.3333333
      outWeight: 0.3333333
    - serializedVersion: 3
      time: 1
      value: 0
      inSlope: -0.1000399
      outSlope: -0.1000399
      tangentMode: 0
      weightedMode: 0
      inWeight: 0.3333333
      outWeight: 0.3333333
    m_PreInfinity: 2
    m_PostInfinity: 2
    m_RotationOrder: 0
  panLevelCustomCurve:
    serializedVersion: 2
    m_Curve:
    - serializedVersion: 3
      time: 0
      value: 1
      inSlope: 0
      outSlope: 0
      tangentMode: 0
      weightedMode: 0
      inWeight: 0.3333333
      outWeight: 0.3333333
    m_PreInfinity: 2
    m_PostInfinity: 2
    m_RotationOrder: 0
  spreadCustomCurve:
    serializedVersion: 2
    m_Curve:
    - serializedVersion: 3
      time: 0
      value: 0
      inSlope: 0
      outSlope: 0
      tangentMode: 0
      weightedMode: 0
      inWeight: 0.3333333
      outWeight: 0.3333333
    m_PreInfinity: 2
    m_PostInfinity: 2
    m_RotationOrder: 0
  reverbZoneMixCustomCurve:
    serializedVersion: 2
    m_Curve:
    - serializedVersion: 3
      time: 0
      value: 1
      inSlope: 0
      outSlope: 0
      tangentMode: 0
      weightedMode: 0
      inWeight: 0.3333333
      outWeight: 0.3333333
    m_PreInfinity: 2
    m_PostInfinity: 2
    m_RotationOrder: 0
