%YAML 1.1
%TAG !u! tag:unity3d.com,2011:
--- !u!1001 &100100000
PrefabInstance:
  serializedVersion: 2
  m_RootGameObject: {fileID: 1552062038616081}
  m_Modification:
    m_TransformParent: {fileID: 0}
    m_Modifications: []
    m_RemovedComponents: []
  m_SourcePrefab: {fileID: 0}
--- !u!1 &1552062038616081
GameObject:
  m_CorrespondingSourceObject: {fileID: 0}
  m_PrefabInstance: {fileID: 100100000}
  m_PrefabAsset: {fileID: 0}
  serializedVersion: 5
  m_Component:
  - component: {fileID: 4066741460117113}
  - component: {fileID: 114115422844073547}
  - component: {fileID: 114544526694823513}
  - component: {fileID: 114949424594372022}
  m_Layer: 10
  m_Name: shipwreck_karve_chest
  m_TagString: Untagged
  m_Icon: {fileID: 0}
  m_NavMeshLayer: 0
  m_StaticEditorFlags: 0
  m_IsActive: 1
--- !u!4 &4066741460117113
Transform:
  m_CorrespondingSourceObject: {fileID: 0}
  m_PrefabInstance: {fileID: 100100000}
  m_PrefabAsset: {fileID: 0}
  m_GameObject: {fileID: 1552062038616081}
  m_LocalRotation: {x: 0, y: -0.6036255, z: 0, w: 0.797268}
  m_LocalPosition: {x: -0.198, y: 50, z: -3.217}
  m_LocalScale: {x: 1, y: 1, z: 1}
  m_Children:
  - {fileID: 4838412954736152}
  m_Father: {fileID: 0}
  m_RootOrder: 0
  m_LocalEulerAnglesHint: {x: 0, y: 74.26, z: 0}
--- !u!114 &114115422844073547
MonoBehaviour:
  m_CorrespondingSourceObject: {fileID: 0}
  m_PrefabInstance: {fileID: 100100000}
  m_PrefabAsset: {fileID: 0}
  m_GameObject: {fileID: 1552062038616081}
  m_Enabled: 1
  m_EditorHideFlags: 0
  m_Script: {fileID: 11500000, guid: 8d13d63090ca3f942b327ae131eec5a0, type: 3}
  m_Name:
  m_EditorClassIdentifier:
  m_persistent: 1
  m_distant: 0
  m_type: 2
  m_syncInitialScale: 0
--- !u!114 &114544526694823513
MonoBehaviour:
  m_CorrespondingSourceObject: {fileID: 0}
  m_PrefabInstance: {fileID: 100100000}
  m_PrefabAsset: {fileID: 0}
  m_GameObject: {fileID: 1552062038616081}
  m_Enabled: 1
  m_EditorHideFlags: 0
  m_Script: {fileID: 11500000, guid: 085ace0a09b5d2a41bb6e1fabb8f902c, type: 3}
  m_Name:
  m_EditorClassIdentifier:
  m_name: $piece_chestwood
  m_bkg: {fileID: 21300196, guid: 5c77c76603a7c5b4b968c5c9fd4e0646, type: 3}
  m_width: 5
  m_height: 2
  m_privacy: 2
  m_checkGuardStone: 1
  m_autoDestroyEmpty: 0
  m_defaultItems:
    m_drops:
    - m_item: {fileID: 1715511214275898, guid: d7fc17f7d13102f46b8e2af4c0778c20, type: 2}
      m_stackMin: 50
      m_stackMax: 100
      m_weight: 5
    - m_item: {fileID: 1024660944093896, guid: cadb0147681e14f44a7a0c32dea3b28f, type: 2}
      m_stackMin: 1
      m_stackMax: 10
      m_weight: 2
    - m_item: {fileID: 1628199812397490, guid: 14257770cdcfe1f44b842031c22c6ad1, type: 2}
      m_stackMin: 1
      m_stackMax: 2
      m_weight: 1
    m_dropMin: 1
    m_dropMax: 4
    m_dropChance: 1
    m_oneOfEach: 1
  m_open: {fileID: 1482098105949224}
  m_closed: {fileID: 1227300257179834}
  m_openEffects:
    m_effectPrefabs:
    - m_prefab: {fileID: 1704036858819481, guid: bdabdd829e6da154aa54e187b12a4d19, type: 2}
      m_enabled: 1
      m_variant: -1
      m_attach: 0
      m_inheritParentRotation: 0
      m_inheritParentScale: 0
      m_randomRotation: 0
      m_scale: 0
      m_childTransform:
  m_closeEffects:
    m_effectPrefabs:
    - m_prefab: {fileID: 1903051901256062, guid: 7f1020ce8d0ff7548b4c944ef292a855, type: 2}
      m_enabled: 1
      m_variant: -1
      m_attach: 0
      m_inheritParentRotation: 0
      m_inheritParentScale: 0
      m_randomRotation: 0
      m_scale: 0
      m_childTransform:
  m_rootObjectOverride: {fileID: 0}
  m_wagon: {fileID: 0}
  m_destroyedLootPrefab: {fileID: 0}
--- !u!114 &114949424594372022
MonoBehaviour:
  m_CorrespondingSourceObject: {fileID: 0}
  m_PrefabInstance: {fileID: 100100000}
  m_PrefabAsset: {fileID: 0}
  m_GameObject: {fileID: 1552062038616081}
  m_Enabled: 1
  m_EditorHideFlags: 0
  m_Script: {fileID: 11500000, guid: 3971d5aeabc92544cb1deab28458dc77, type: 3}
  m_Name:
  m_EditorClassIdentifier:
  m_new: {fileID: 1900666764253389}
  m_worn: {fileID: 1900666764253389}
  m_broken: {fileID: 1900666764253389}
  m_wet: {fileID: 0}
  m_noRoofWear: 0
  m_noSupportWear: 1
  m_materialType: 0
  m_supports: 0
  m_comOffset: {x: 0, y: 0, z: 0}
  m_health: 100
  m_damages:
    m_blunt: 1
    m_slash: 1
    m_pierce: 1
    m_chop: 1
    m_pickaxe: 1
    m_fire: 1
    m_frost: 1
    m_lightning: 0
    m_poison: 3
    m_spirit: 3
  m_hitNoise: 0
  m_destroyNoise: 0
  m_destroyedEffect:
    m_effectPrefabs:
    - m_prefab: {fileID: 1286009061253838, guid: 9410b2e6398ea6845923882b463cadf0, type: 2}
      m_enabled: 1
      m_variant: -1
      m_attach: 0
      m_inheritParentRotation: 0
      m_inheritParentScale: 0
      m_randomRotation: 0
      m_scale: 0
      m_childTransform:
    - m_prefab: {fileID: 1552716516896563, guid: 6489fc8c73610324482f073b1303e44f, type: 2}
      m_enabled: 1
      m_variant: -1
      m_attach: 0
      m_inheritParentRotation: 0
      m_inheritParentScale: 0
      m_randomRotation: 0
      m_scale: 0
      m_childTransform:
  m_hitEffect:
    m_effectPrefabs:
    - m_prefab: {fileID: 1286009061253838, guid: 9410b2e6398ea6845923882b463cadf0, type: 2}
      m_enabled: 1
      m_variant: -1
      m_attach: 0
      m_inheritParentRotation: 0
      m_inheritParentScale: 0
      m_randomRotation: 0
      m_scale: 0
      m_childTransform:
  m_switchEffect:
    m_effectPrefabs: []
  m_autoCreateFragments: 1
  m_fragmentRoots: []
--- !u!1 &1900666764253389
GameObject:
  m_CorrespondingSourceObject: {fileID: 0}
  m_PrefabInstance: {fileID: 100100000}
  m_PrefabAsset: {fileID: 0}
  serializedVersion: 5
  m_Component:
  - component: {fileID: 4838412954736152}
  - component: {fileID: 205753203709372816}
  m_Layer: 10
  m_Name: New
  m_TagString: Untagged
  m_Icon: {fileID: 0}
  m_NavMeshLayer: 0
  m_StaticEditorFlags: 0
  m_IsActive: 1
--- !u!4 &4838412954736152
Transform:
  m_CorrespondingSourceObject: {fileID: 0}
  m_PrefabInstance: {fileID: 100100000}
  m_PrefabAsset: {fileID: 0}
  m_GameObject: {fileID: 1900666764253389}
  m_LocalRotation: {x: 0, y: 0, z: 0, w: 1}
  m_LocalPosition: {x: 0, y: 0, z: 0}
  m_LocalScale: {x: 1, y: 1, z: 1}
  m_Children:
  - {fileID: 4660783121190442}
  - {fileID: 4011257030974914}
  - {fileID: 4520411884269001}
  m_Father: {fileID: 4066741460117113}
  m_RootOrder: 0
  m_LocalEulerAnglesHint: {x: 0, y: 0, z: 0}
--- !u!205 &205753203709372816
LODGroup:
  m_CorrespondingSourceObject: {fileID: 0}
  m_PrefabInstance: {fileID: 100100000}
  m_PrefabAsset: {fileID: 0}
  m_GameObject: {fileID: 1900666764253389}
  serializedVersion: 2
  m_LocalReferencePoint: {x: 0, y: 0.3937635, z: 0.008395195}
  m_Size: 1.644714
  m_FadeMode: 0
  m_AnimateCrossFading: 0
  m_LastLODIsBillboard: 0
  m_LODs:
  - screenRelativeHeight: 0.04781017
    fadeTransitionWidth: 0
    renderers:
    - renderer: {fileID: 23842763846637659}
    - renderer: {fileID: 23009801975142996}
  m_Enabled: 1
--- !u!1 &1161544727932872
GameObject:
  m_CorrespondingSourceObject: {fileID: 0}
  m_PrefabInstance: {fileID: 100100000}
  m_PrefabAsset: {fileID: 0}
  serializedVersion: 5
  m_Component:
  - component: {fileID: 4660783121190442}
  - component: {fileID: 33327322938786622}
  - component: {fileID: 23842763846637659}
  - component: {fileID: 64687285663273840}
  m_Layer: 10
  m_Name: woodchest
  m_TagString: Untagged
  m_Icon: {fileID: 0}
  m_NavMeshLayer: 0
  m_StaticEditorFlags: 0
  m_IsActive: 1
--- !u!4 &4660783121190442
Transform:
  m_CorrespondingSourceObject: {fileID: 0}
  m_PrefabInstance: {fileID: 100100000}
  m_PrefabAsset: {fileID: 0}
  m_GameObject: {fileID: 1161544727932872}
  m_LocalRotation: {x: 0, y: 1, z: 0, w: 0}
  m_LocalPosition: {x: 0, y: 0, z: 0}
  m_LocalScale: {x: 0.9, y: 0.9, z: 0.9}
  m_Children: []
  m_Father: {fileID: 4838412954736152}
  m_RootOrder: 0
  m_LocalEulerAnglesHint: {x: 180, y: 0, z: -180}
--- !u!33 &33327322938786622
MeshFilter:
  m_CorrespondingSourceObject: {fileID: 0}
  m_PrefabInstance: {fileID: 100100000}
  m_PrefabAsset: {fileID: 0}
  m_GameObject: {fileID: 1161544727932872}
  m_Mesh: {fileID: 4300000, guid: 67af510f447ebb84592a4682c50b0cdb, type: 2}
--- !u!23 &23842763846637659
MeshRenderer:
  m_CorrespondingSourceObject: {fileID: 0}
  m_PrefabInstance: {fileID: 100100000}
  m_PrefabAsset: {fileID: 0}
  m_GameObject: {fileID: 1161544727932872}
  m_Enabled: 1
  m_CastShadows: 1
  m_ReceiveShadows: 1
  m_DynamicOccludee: 1
  m_MotionVectors: 1
  m_LightProbeUsage: 1
  m_ReflectionProbeUsage: 1
  m_RayTracingMode: 2
  m_RenderingLayerMask: 1
  m_RendererPriority: 0
  m_Materials:
  - {fileID: 2100000, guid: 834481b1ff34da04e8ac98f5ff1fe929, type: 2}
  m_StaticBatchInfo:
    firstSubMesh: 0
    subMeshCount: 0
  m_StaticBatchRoot: {fileID: 0}
  m_ProbeAnchor: {fileID: 0}
  m_LightProbeVolumeOverride: {fileID: 0}
  m_ScaleInLightmap: 1
  m_ReceiveGI: 1
  m_PreserveUVs: 0
  m_IgnoreNormalsForChartDetection: 0
  m_ImportantGI: 0
  m_StitchLightmapSeams: 0
  m_SelectedEditorRenderState: 3
  m_MinimumChartSize: 4
  m_AutoUVMaxDistance: 0.5
  m_AutoUVMaxAngle: 89
  m_LightmapParameters: {fileID: 0}
  m_SortingLayerID: 0
  m_SortingLayer: 0
  m_SortingOrder: 0
--- !u!64 &64687285663273840
MeshCollider:
  m_CorrespondingSourceObject: {fileID: 0}
  m_PrefabInstance: {fileID: 100100000}
  m_PrefabAsset: {fileID: 0}
  m_GameObject: {fileID: 1161544727932872}
  m_Material: {fileID: 0}
  m_IsTrigger: 0
  m_Enabled: 1
  serializedVersion: 4
  m_Convex: 1
  m_CookingOptions: 30
  m_SkinWidth: 0.01
  m_Mesh: {fileID: 4300000, guid: 67af510f447ebb84592a4682c50b0cdb, type: 2}
--- !u!1 &1482098105949224
GameObject:
  m_CorrespondingSourceObject: {fileID: 0}
  m_PrefabInstance: {fileID: 100100000}
  m_PrefabAsset: {fileID: 0}
  serializedVersion: 5
  m_Component:
  - component: {fileID: 4011257030974914}
  - component: {fileID: 33198027429767035}
  - component: {fileID: 23907061871120293}
  m_Layer: 10
  m_Name: woodchesttop_open
  m_TagString: Untagged
  m_Icon: {fileID: 0}
  m_NavMeshLayer: 0
  m_StaticEditorFlags: 0
  m_IsActive: 0
--- !u!4 &4011257030974914
Transform:
  m_CorrespondingSourceObject: {fileID: 0}
  m_PrefabInstance: {fileID: 100100000}
  m_PrefabAsset: {fileID: 0}
  m_GameObject: {fileID: 1482098105949224}
  m_LocalRotation: {x: 0, y: 1, z: 0, w: 0}
  m_LocalPosition: {x: 0, y: 0, z: -0.392}
  m_LocalScale: {x: 0.9, y: 0.9, z: 0.9}
  m_Children: []
  m_Father: {fileID: 4838412954736152}
  m_RootOrder: 1
  m_LocalEulerAnglesHint: {x: 180, y: 0, z: -180}
--- !u!33 &33198027429767035
MeshFilter:
  m_CorrespondingSourceObject: {fileID: 0}
  m_PrefabInstance: {fileID: 100100000}
  m_PrefabAsset: {fileID: 0}
  m_GameObject: {fileID: 1482098105949224}
  m_Mesh: {fileID: 4300000, guid: 7e8e37251784f704e8ac27bca8a7ff45, type: 2}
--- !u!23 &23907061871120293
MeshRenderer:
  m_CorrespondingSourceObject: {fileID: 0}
  m_PrefabInstance: {fileID: 100100000}
  m_PrefabAsset: {fileID: 0}
  m_GameObject: {fileID: 1482098105949224}
  m_Enabled: 1
  m_CastShadows: 1
  m_ReceiveShadows: 1
  m_DynamicOccludee: 1
  m_MotionVectors: 1
  m_LightProbeUsage: 1
  m_ReflectionProbeUsage: 1
  m_RayTracingMode: 2
  m_RenderingLayerMask: 1
  m_RendererPriority: 0
  m_Materials:
  - {fileID: 2100000, guid: 834481b1ff34da04e8ac98f5ff1fe929, type: 2}
  m_StaticBatchInfo:
    firstSubMesh: 0
    subMeshCount: 0
  m_StaticBatchRoot: {fileID: 0}
  m_ProbeAnchor: {fileID: 0}
  m_LightProbeVolumeOverride: {fileID: 0}
  m_ScaleInLightmap: 1
  m_ReceiveGI: 1
  m_PreserveUVs: 0
  m_IgnoreNormalsForChartDetection: 0
  m_ImportantGI: 0
  m_StitchLightmapSeams: 0
  m_SelectedEditorRenderState: 3
  m_MinimumChartSize: 4
  m_AutoUVMaxDistance: 0.5
  m_AutoUVMaxAngle: 89
  m_LightmapParameters: {fileID: 0}
  m_SortingLayerID: 0
  m_SortingLayer: 0
  m_SortingOrder: 0
--- !u!1 &1227300257179834
GameObject:
  m_CorrespondingSourceObject: {fileID: 0}
  m_PrefabInstance: {fileID: 100100000}
  m_PrefabAsset: {fileID: 0}
  serializedVersion: 5
  m_Component:
  - component: {fileID: 4520411884269001}
  - component: {fileID: 33962797517932807}
  - component: {fileID: 23009801975142996}
  m_Layer: 10
  m_Name: woodchesttop_closed
  m_TagString: Untagged
  m_Icon: {fileID: 0}
  m_NavMeshLayer: 0
  m_StaticEditorFlags: 0
  m_IsActive: 1
--- !u!4 &4520411884269001
Transform:
  m_CorrespondingSourceObject: {fileID: 0}
  m_PrefabInstance: {fileID: 100100000}
  m_PrefabAsset: {fileID: 0}
  m_GameObject: {fileID: 1227300257179834}
  m_LocalRotation: {x: 0, y: 1, z: 0, w: 0}
  m_LocalPosition: {x: 0, y: 0, z: 0}
  m_LocalScale: {x: 0.9, y: 0.9, z: 0.9}
  m_Children: []
  m_Father: {fileID: 4838412954736152}
  m_RootOrder: 2
  m_LocalEulerAnglesHint: {x: -180, y: 0, z: 180}
--- !u!33 &33962797517932807
MeshFilter:
  m_CorrespondingSourceObject: {fileID: 0}
  m_PrefabInstance: {fileID: 100100000}
  m_PrefabAsset: {fileID: 0}
  m_GameObject: {fileID: 1227300257179834}
  m_Mesh: {fileID: 4300000, guid: 7e8e37251784f704e8ac27bca8a7ff45, type: 2}
--- !u!23 &23009801975142996
MeshRenderer:
  m_CorrespondingSourceObject: {fileID: 0}
  m_PrefabInstance: {fileID: 100100000}
  m_PrefabAsset: {fileID: 0}
  m_GameObject: {fileID: 1227300257179834}
  m_Enabled: 1
  m_CastShadows: 1
  m_ReceiveShadows: 1
  m_DynamicOccludee: 1
  m_MotionVectors: 1
  m_LightProbeUsage: 1
  m_ReflectionProbeUsage: 1
  m_RayTracingMode: 2
  m_RenderingLayerMask: 1
  m_RendererPriority: 0
  m_Materials:
  - {fileID: 2100000, guid: 834481b1ff34da04e8ac98f5ff1fe929, type: 2}
  m_StaticBatchInfo:
    firstSubMesh: 0
    subMeshCount: 0
  m_StaticBatchRoot: {fileID: 0}
  m_ProbeAnchor: {fileID: 0}
  m_LightProbeVolumeOverride: {fileID: 0}
  m_ScaleInLightmap: 1
  m_ReceiveGI: 1
  m_PreserveUVs: 0
  m_IgnoreNormalsForChartDetection: 0
  m_ImportantGI: 0
  m_StitchLightmapSeams: 0
  m_SelectedEditorRenderState: 3
  m_MinimumChartSize: 4
  m_AutoUVMaxDistance: 0.5
  m_AutoUVMaxAngle: 89
  m_LightmapParameters: {fileID: 0}
  m_SortingLayerID: 0
  m_SortingLayer: 0
  m_SortingOrder: 0
