%YAML 1.1
%TAG !u! tag:unity3d.com,2011:
--- !u!1001 &100100000
PrefabInstance:
  serializedVersion: 2
  m_RootGameObject: {fileID: 1514519205783953}
  m_Modification:
    m_TransformParent: {fileID: 0}
    m_Modifications: []
    m_RemovedComponents: []
  m_SourcePrefab: {fileID: 0}
--- !u!1 &1514519205783953
GameObject:
  m_CorrespondingSourceObject: {fileID: 0}
  m_PrefabInstance: {fileID: 100100000}
  m_PrefabAsset: {fileID: 0}
  serializedVersion: 5
  m_Component:
  - component: {fileID: 4447160915673354}
  - component: {fileID: 114526502159707537}
  - component: {fileID: 114873071563622919}
  m_Layer: 0
  m_Name: Spawner_Fish4
  m_TagString: Untagged
  m_Icon: {fileID: 0}
  m_NavMeshLayer: 0
  m_StaticEditorFlags: 0
  m_IsActive: 1
--- !u!4 &4447160915673354
Transform:
  m_CorrespondingSourceObject: {fileID: 0}
  m_PrefabInstance: {fileID: 100100000}
  m_PrefabAsset: {fileID: 0}
  m_GameObject: {fileID: 1514519205783953}
  m_LocalRotation: {x: 0, y: 0, z: 0, w: 1}
  m_LocalPosition: {x: 0, y: 0, z: 0}
  m_LocalScale: {x: 1, y: 1, z: 1}
  m_Children: []
  m_Father: {fileID: 0}
  m_RootOrder: 0
  m_LocalEulerAnglesHint: {x: 0, y: 0, z: 0}
--- !u!114 &114526502159707537
MonoBehaviour:
  m_CorrespondingSourceObject: {fileID: 0}
  m_PrefabInstance: {fileID: 100100000}
  m_PrefabAsset: {fileID: 0}
  m_GameObject: {fileID: 1514519205783953}
  m_Enabled: 1
  m_EditorHideFlags: 0
  m_Script: {fileID: 11500000, guid: 8d13d63090ca3f942b327ae131eec5a0, type: 3}
  m_Name:
  m_EditorClassIdentifier:
  m_persistent: 1
  m_distant: 0
  m_type: 0
  m_syncInitialScale: 0
--- !u!114 &114873071563622919
MonoBehaviour:
  m_CorrespondingSourceObject: {fileID: 0}
  m_PrefabInstance: {fileID: 100100000}
  m_PrefabAsset: {fileID: 0}
  m_GameObject: {fileID: 1514519205783953}
  m_Enabled: 1
  m_EditorHideFlags: 0
  m_Script: {fileID: 11500000, guid: ab53537919abfd449ac33b3e6abd08b9, type: 3}
  m_Name:
  m_EditorClassIdentifier:
  m_creaturePrefab: {fileID: 1676854525391990, guid: b4f75d882a7e7cc48a4b42d61f67cd35, type: 2}
  m_maxLevel: 1
  m_minLevel: 1
  m_respawnTimeMinuts: 0
  m_triggerDistance: 60
  m_triggerNoise: 0
  m_spawnAtNight: 1
  m_spawnAtDay: 1
  m_requireSpawnArea: 0
  m_spawnInPlayerBase: 0
  m_setPatrolSpawnPoint: 1
  m_spawnEffects:
    m_effectPrefabs: []
