%YAML 1.1
%TAG !u! tag:unity3d.com,2011:
--- !u!1001 &100100000
PrefabInstance:
  serializedVersion: 2
  m_RootGameObject: {fileID: 1664232639178407}
  m_Modification:
    m_TransformParent: {fileID: 0}
    m_Modifications: []
    m_RemovedComponents: []
  m_SourcePrefab: {fileID: 0}
--- !u!1 &1664232639178407
GameObject:
  m_CorrespondingSourceObject: {fileID: 0}
  m_PrefabInstance: {fileID: 100100000}
  m_PrefabAsset: {fileID: 0}
  serializedVersion: 5
  m_Component:
  - component: {fileID: 4607451896762950}
  - component: {fileID: 136969178896784707}
  - component: {fileID: 54246637582950714}
  - component: {fileID: 114754556312185700}
  - component: {fileID: 114357653754751164}
  - component: {fileID: 114801547841119983}
  - component: {fileID: 114844031087490013}
  - component: {fileID: 114729887091667992}
  - component: {fileID: 114691121007143321}
  m_Layer: 9
  m_Name: TentaRoot
  m_TagString: Untagged
  m_Icon: {fileID: 0}
  m_NavMeshLayer: 0
  m_StaticEditorFlags: 0
  m_IsActive: 1
--- !u!4 &4607451896762950
Transform:
  m_CorrespondingSourceObject: {fileID: 0}
  m_PrefabInstance: {fileID: 100100000}
  m_PrefabAsset: {fileID: 0}
  m_GameObject: {fileID: 1664232639178407}
  m_LocalRotation: {x: 0, y: 0, z: 0, w: 1}
  m_LocalPosition: {x: 0, y: 50, z: 0}
  m_LocalScale: {x: 1, y: 1, z: 1}
  m_Children:
  - {fileID: 4118561705893838}
  - {fileID: 4495624074121050}
  m_Father: {fileID: 0}
  m_RootOrder: 0
  m_LocalEulerAnglesHint: {x: 0, y: 0, z: 0}
--- !u!136 &136969178896784707
CapsuleCollider:
  m_CorrespondingSourceObject: {fileID: 0}
  m_PrefabInstance: {fileID: 100100000}
  m_PrefabAsset: {fileID: 0}
  m_GameObject: {fileID: 1664232639178407}
  m_Material: {fileID: 13400000, guid: c9bbb846b6d478b4788dab4ce0911a93, type: 2}
  m_IsTrigger: 0
  m_Enabled: 1
  m_Radius: 0.4
  m_Height: 3
  m_Direction: 1
  m_Center: {x: 0, y: 1.5, z: 0}
--- !u!54 &54246637582950714
Rigidbody:
  m_CorrespondingSourceObject: {fileID: 0}
  m_PrefabInstance: {fileID: 100100000}
  m_PrefabAsset: {fileID: 0}
  m_GameObject: {fileID: 1664232639178407}
  serializedVersion: 2
  m_Mass: 200
  m_Drag: 0
  m_AngularDrag: 0.05
  m_UseGravity: 1
  m_IsKinematic: 0
  m_Interpolate: 0
  m_Constraints: 112
  m_CollisionDetection: 0
--- !u!114 &114754556312185700
MonoBehaviour:
  m_CorrespondingSourceObject: {fileID: 0}
  m_PrefabInstance: {fileID: 100100000}
  m_PrefabAsset: {fileID: 0}
  m_GameObject: {fileID: 1664232639178407}
  m_Enabled: 1
  m_EditorHideFlags: 0
  m_Script: {fileID: 11500000, guid: 882089d018a4e7046bfd1a06af0a7282, type: 3}
  m_Name:
  m_EditorClassIdentifier:
  m_name: Root
  m_group:
  m_faction: 8
  m_boss: 0
  m_bossEvent:
  m_defeatSetGlobalKey:
  m_crouchSpeed: 2
  m_walkSpeed: 0
  m_speed: 0
  m_turnSpeed: 200
  m_runSpeed: 0
  m_runTurnSpeed: 200
  m_flySlowSpeed: 5
  m_flyFastSpeed: 12
  m_flyTurnSpeed: 12
  m_acceleration: 0.5
  m_jumpForce: 10
  m_jumpForceForward: 0
  m_jumpForceTiredFactor: 0.7
  m_airControl: 0.1
  m_canSwim: 0
  m_swimDepth: 1.3
  m_swimSpeed: 0
  m_swimTurnSpeed: 100
  m_swimAcceleration: 0.05
  m_groundTilt: 0
  m_flying: 0
  m_jumpStaminaUsage: 10
  m_eye: {fileID: 4118561705893838}
  m_hitEffects:
    m_effectPrefabs:
    - m_prefab: {fileID: 1617049347184746, guid: 708f3c3322b67f9438dbbf777a9542b5, type: 2}
      m_enabled: 0
      m_variant: -1
      m_attach: 0
      m_inheritParentRotation: 0
      m_inheritParentScale: 0
      m_randomRotation: 0
      m_scale: 0
      m_childTransform:
    - m_prefab: {fileID: 1676489378931539, guid: aaf4c3f01c289e145b7e5ed8900bfbd4, type: 2}
      m_enabled: 1
      m_variant: -1
      m_attach: 0
      m_inheritParentRotation: 0
      m_inheritParentScale: 0
      m_randomRotation: 0
      m_scale: 0
      m_childTransform:
  m_critHitEffects:
    m_effectPrefabs:
    - m_prefab: {fileID: 1193272494661830, guid: 9a5351ce2767fe740ba6bd7518a12ebc, type: 2}
      m_enabled: 1
      m_variant: -1
      m_attach: 0
      m_inheritParentRotation: 0
      m_inheritParentScale: 0
      m_randomRotation: 0
      m_scale: 0
      m_childTransform:
  m_backstabHitEffects:
    m_effectPrefabs:
    - m_prefab: {fileID: 1071539778213133, guid: 9cff6e4fdf7ba8044868a6c19080fb3d, type: 2}
      m_enabled: 1
      m_variant: -1
      m_attach: 0
      m_inheritParentRotation: 0
      m_inheritParentScale: 0
      m_randomRotation: 0
      m_scale: 0
      m_childTransform:
  m_deathEffects:
    m_effectPrefabs:
    - m_prefab: {fileID: 1001037430233855, guid: 5dae6c57863ff3344a5a31e637dff432, type: 2}
      m_enabled: 1
      m_variant: -1
      m_attach: 0
      m_inheritParentRotation: 0
      m_inheritParentScale: 0
      m_randomRotation: 0
      m_scale: 0
      m_childTransform:
  m_waterEffects:
    m_effectPrefabs:
    - m_prefab: {fileID: 1155668354953235, guid: 96c1c5a0fbb2de34aa0d27a362a67bec, type: 2}
      m_enabled: 1
      m_variant: -1
      m_attach: 1
      m_inheritParentRotation: 0
      m_inheritParentScale: 0
      m_randomRotation: 0
      m_scale: 0
      m_childTransform:
  m_tarEffects:
    m_effectPrefabs: []
  m_slideEffects:
    m_effectPrefabs: []
  m_jumpEffects:
    m_effectPrefabs: []
  m_tolerateWater: 1
  m_tolerateFire: 0
  m_tolerateSmoke: 1
  m_tolerateTar: 0
  m_health: 20
  m_damageModifiers:
    m_blunt: 0
    m_slash: 0
    m_pierce: 0
    m_chop: 4
    m_pickaxe: 4
    m_fire: 2
    m_frost: 1
    m_lightning: 0
    m_poison: 3
    m_spirit: 0
  m_staggerWhenBlocked: 1
  m_staggerDamageFactor: 0
  m_equipStaminaDrain: 10
  m_blockStaminaDrain: 25
  m_defaultItems: []
  m_randomWeapon:
  - {fileID: 1325587951009328, guid: 4e546ca8d3ec04e46884415f74a67851, type: 2}
  m_randomArmor: []
  m_randomShield:
  - {fileID: 1804097892214563, guid: caac7997033c9a34fb96b8ff2a462727, type: 2}
  - {fileID: 1743237731321026, guid: 61096a97d3955f141a887d54667238ee, type: 2}
  - {fileID: 0}
  - {fileID: 0}
  m_randomSets: []
  m_unarmedWeapon: {fileID: 0}
  m_pickupEffects:
    m_effectPrefabs: []
  m_dropEffects:
    m_effectPrefabs: []
  m_consumeItemEffects:
    m_effectPrefabs: []
  m_equipEffects:
    m_effectPrefabs: []
  m_perfectBlockEffect:
    m_effectPrefabs: []
--- !u!114 &114357653754751164
MonoBehaviour:
  m_CorrespondingSourceObject: {fileID: 0}
  m_PrefabInstance: {fileID: 100100000}
  m_PrefabAsset: {fileID: 0}
  m_GameObject: {fileID: 1664232639178407}
  m_Enabled: 1
  m_EditorHideFlags: 0
  m_Script: {fileID: 11500000, guid: 8d13d63090ca3f942b327ae131eec5a0, type: 3}
  m_Name:
  m_EditorClassIdentifier:
  m_persistent: 1
  m_distant: 0
  m_type: 0
  m_syncInitialScale: 0
--- !u!114 &114801547841119983
MonoBehaviour:
  m_CorrespondingSourceObject: {fileID: 0}
  m_PrefabInstance: {fileID: 100100000}
  m_PrefabAsset: {fileID: 0}
  m_GameObject: {fileID: 1664232639178407}
  m_Enabled: 1
  m_EditorHideFlags: 0
  m_Script: {fileID: 11500000, guid: 11e1576937b9e9341b3d0ceb138d6e14, type: 3}
  m_Name:
  m_EditorClassIdentifier:
  m_syncPosition: 1
  m_syncRotation: 1
  m_syncScale: 0
  m_syncBodyVelocity: 0
  m_characterParentSync: 0
--- !u!114 &114844031087490013
MonoBehaviour:
  m_CorrespondingSourceObject: {fileID: 0}
  m_PrefabInstance: {fileID: 100100000}
  m_PrefabAsset: {fileID: 0}
  m_GameObject: {fileID: 1664232639178407}
  m_Enabled: 1
  m_EditorHideFlags: 0
  m_Script: {fileID: 11500000, guid: a802ec82669cda048b5675bd0f37c1c5, type: 3}
  m_Name:
  m_EditorClassIdentifier:
  m_syncBools:
  - alert
  - inWater
  m_syncFloats:
  - forward_speed
  - sideway_speed
  - turn_speed
  m_syncInts: []
  m_smoothCharacterSpeeds: 1
--- !u!114 &114729887091667992
MonoBehaviour:
  m_CorrespondingSourceObject: {fileID: 0}
  m_PrefabInstance: {fileID: 100100000}
  m_PrefabAsset: {fileID: 0}
  m_GameObject: {fileID: 1664232639178407}
  m_Enabled: 1
  m_EditorHideFlags: 0
  m_Script: {fileID: 11500000, guid: 6612aa602f2d46b46aacb62f7b3946b5, type: 3}
  m_Name:
  m_EditorClassIdentifier:
  m_viewRange: 30
  m_viewAngle: 90
  m_hearRange: 30
  m_alertedEffects:
    m_effectPrefabs: []
  m_idleSound:
    m_effectPrefabs: []
  m_idleSoundInterval: 10
  m_idleSoundChance: 0.5
  m_pathAgentType: 5
  m_moveMinAngle: 90
  m_smoothMovement: 1
  m_serpentMovement: 0
  m_serpentTurnRadius: 20
  m_jumpInterval: 0
  m_randomCircleInterval: 2
  m_randomMoveInterval: 10
  m_randomMoveRange: 10
  m_randomFly: 0
  m_chanceToTakeoff: 1
  m_chanceToLand: 1
  m_groundDuration: 10
  m_airDuration: 10
  m_maxLandAltitude: 5
  m_flyAltitudeMin: 3
  m_flyAltitudeMax: 10
  m_takeoffTime: 5
  m_avoidFire: 0
  m_afraidOfFire: 0
  m_avoidWater: 1
  m_spawnMessage:
  m_deathMessage:
  m_alertRange: 20
  m_fleeIfHurtWhenTargetCantBeReached: 0
  m_fleeIfNotAlerted: 0
  m_fleeIfLowHealth: 0
  m_circulateWhileCharging: 0
  m_circulateWhileChargingFlying: 0
  m_enableHuntPlayer: 0
  m_attackPlayerObjects: 1
  m_interceptTimeMax: 0
  m_interceptTimeMin: 0
  m_maxChaseDistance: 0
  m_minAttackInterval: 0
  m_circleTargetInterval: 0
  m_circleTargetDuration: 5
  m_circleTargetDistance: 10
  m_sleeping: 0
  m_noiseWakeup: 0
  m_noiseRangeScale: 1
  m_wakeupRange: 5
  m_wakeupEffects:
    m_effectPrefabs: []
  m_avoidLand: 0
  m_consumeItems: []
  m_consumeRange: 2
  m_consumeSearchRange: 5
  m_consumeSearchInterval: 10
--- !u!114 &114691121007143321
MonoBehaviour:
  m_CorrespondingSourceObject: {fileID: 0}
  m_PrefabInstance: {fileID: 100100000}
  m_PrefabAsset: {fileID: 0}
  m_GameObject: {fileID: 1664232639178407}
  m_Enabled: 1
  m_EditorHideFlags: 0
  m_Script: {fileID: 11500000, guid: 4d4dc1490678ba74e9491ad64dbd0bbd, type: 3}
  m_Name:
  m_EditorClassIdentifier:
  m_timeoutMin: 18
  m_timeoutMax: 20
  m_triggerOnAwake: 1
--- !u!1 &1595680671509945
GameObject:
  m_CorrespondingSourceObject: {fileID: 0}
  m_PrefabInstance: {fileID: 100100000}
  m_PrefabAsset: {fileID: 0}
  serializedVersion: 5
  m_Component:
  - component: {fileID: 4118561705893838}
  m_Layer: 9
  m_Name: EyePos
  m_TagString: Untagged
  m_Icon: {fileID: 0}
  m_NavMeshLayer: 0
  m_StaticEditorFlags: 0
  m_IsActive: 1
--- !u!4 &4118561705893838
Transform:
  m_CorrespondingSourceObject: {fileID: 0}
  m_PrefabInstance: {fileID: 100100000}
  m_PrefabAsset: {fileID: 0}
  m_GameObject: {fileID: 1595680671509945}
  m_LocalRotation: {x: 0, y: 0, z: 0, w: 1}
  m_LocalPosition: {x: 0, y: 1.781, z: 0}
  m_LocalScale: {x: 1, y: 1, z: 1}
  m_Children: []
  m_Father: {fileID: 4607451896762950}
  m_RootOrder: 0
  m_LocalEulerAnglesHint: {x: 0, y: 0, z: 0}
--- !u!1 &1533068570321045
GameObject:
  m_CorrespondingSourceObject: {fileID: 0}
  m_PrefabInstance: {fileID: 100100000}
  m_PrefabAsset: {fileID: 0}
  serializedVersion: 5
  m_Component:
  - component: {fileID: 4495624074121050}
  - component: {fileID: 205710078474043211}
  m_Layer: 9
  m_Name: Visual
  m_TagString: Untagged
  m_Icon: {fileID: 0}
  m_NavMeshLayer: 0
  m_StaticEditorFlags: 0
  m_IsActive: 1
--- !u!4 &4495624074121050
Transform:
  m_CorrespondingSourceObject: {fileID: 0}
  m_PrefabInstance: {fileID: 100100000}
  m_PrefabAsset: {fileID: 0}
  m_GameObject: {fileID: 1533068570321045}
  m_LocalRotation: {x: 0, y: 0, z: 0, w: 1}
  m_LocalPosition: {x: 0, y: 0, z: 0}
  m_LocalScale: {x: 1.5, y: 1.5, z: 1.5}
  m_Children:
  - {fileID: 4719024086867440}
  m_Father: {fileID: 4607451896762950}
  m_RootOrder: 1
  m_LocalEulerAnglesHint: {x: 0, y: 0, z: 0}
--- !u!205 &205710078474043211
LODGroup:
  m_CorrespondingSourceObject: {fileID: 0}
  m_PrefabInstance: {fileID: 100100000}
  m_PrefabAsset: {fileID: 0}
  m_GameObject: {fileID: 1533068570321045}
  serializedVersion: 2
  m_LocalReferencePoint: {x: 0.004200339, y: 2.250947, z: -0.006502181}
  m_Size: 4.514226
  m_FadeMode: 1
  m_AnimateCrossFading: 1
  m_LastLODIsBillboard: 0
  m_LODs:
  - screenRelativeHeight: 0.2013633
    fadeTransitionWidth: 0
    renderers:
    - renderer: {fileID: 137013438418024540}
    - renderer: {fileID: 137330818952124901}
    - renderer: {fileID: 137410291173969616}
  m_Enabled: 1
--- !u!1 &1903362663575933
GameObject:
  m_CorrespondingSourceObject: {fileID: 0}
  m_PrefabInstance: {fileID: 100100000}
  m_PrefabAsset: {fileID: 0}
  serializedVersion: 5
  m_Component:
  - component: {fileID: 4719024086867440}
  - component: {fileID: 95031527752775039}
  - component: {fileID: 114344544962978309}
  m_Layer: 0
  m_Name: Tentaroots
  m_TagString: Untagged
  m_Icon: {fileID: 0}
  m_NavMeshLayer: 0
  m_StaticEditorFlags: 0
  m_IsActive: 1
--- !u!4 &4719024086867440
Transform:
  m_CorrespondingSourceObject: {fileID: 0}
  m_PrefabInstance: {fileID: 100100000}
  m_PrefabAsset: {fileID: 0}
  m_GameObject: {fileID: 1903362663575933}
  m_LocalRotation: {x: 0, y: 0, z: 0, w: 1}
  m_LocalPosition: {x: 0, y: 0, z: 0}
  m_LocalScale: {x: 1, y: 1, z: 1}
  m_Children:
  - {fileID: 4389755509493747}
  - {fileID: 4967167048965773}
  - {fileID: 4072402858405297}
  - {fileID: 4817228989099524}
  m_Father: {fileID: 4495624074121050}
  m_RootOrder: 0
  m_LocalEulerAnglesHint: {x: 0, y: 0, z: 0}
--- !u!95 &95031527752775039
Animator:
  serializedVersion: 3
  m_CorrespondingSourceObject: {fileID: 0}
  m_PrefabInstance: {fileID: 100100000}
  m_PrefabAsset: {fileID: 0}
  m_GameObject: {fileID: 1903362663575933}
  m_Enabled: 1
  m_Avatar: {fileID: 9000000, guid: b80c22c2cf86541419c52bba33dd3f41, type: 2}
  m_Controller: {fileID: 9100000, guid: d0927c54d7295a741937aa62d457e1fb, type: 2}
  m_CullingMode: 1
  m_UpdateMode: 0
  m_ApplyRootMotion: 0
  m_LinearVelocityBlending: 0
  m_WarningMessage:
  m_HasTransformHierarchy: 1
  m_AllowConstantClipSamplingOptimization: 1
  m_KeepAnimatorControllerStateOnDisable: 0
--- !u!114 &114344544962978309
MonoBehaviour:
  m_CorrespondingSourceObject: {fileID: 0}
  m_PrefabInstance: {fileID: 100100000}
  m_PrefabAsset: {fileID: 0}
  m_GameObject: {fileID: 1903362663575933}
  m_Enabled: 1
  m_EditorHideFlags: 0
  m_Script: {fileID: 11500000, guid: 3bab968587be1b644897e144a2984da4, type: 3}
  m_Name:
  m_EditorClassIdentifier:
  m_footIK: 0
  m_footDownMax: 0.4
  m_footOffset: 0.1
  m_footStepHeight: 1
  m_stabalizeDistance: 0
  m_useFeetValues: 0
  m_feets: []
  m_headRotation: 1
  m_eyes: []
  m_lookWeight: 0.5
  m_bodyLookWeight: 0.1
  m_headLookWeight: 1
  m_eyeLookWeight: 0
  m_lookClamp: 0.5
  m_lookAt: {fileID: 0}
  m_femaleHack: 0
  m_leftShoulder: {fileID: 0}
  m_rightShoulder: {fileID: 0}
  m_femaleOffset: 0.0004
  m_maleOffset: 0.0007651657
--- !u!1 &1011138847690857
GameObject:
  m_CorrespondingSourceObject: {fileID: 0}
  m_PrefabInstance: {fileID: 100100000}
  m_PrefabAsset: {fileID: 0}
  serializedVersion: 5
  m_Component:
  - component: {fileID: 4389755509493747}
  m_Layer: 0
  m_Name: Armature
  m_TagString: Untagged
  m_Icon: {fileID: 0}
  m_NavMeshLayer: 0
  m_StaticEditorFlags: 0
  m_IsActive: 1
--- !u!4 &4389755509493747
Transform:
  m_CorrespondingSourceObject: {fileID: 0}
  m_PrefabInstance: {fileID: 100100000}
  m_PrefabAsset: {fileID: 0}
  m_GameObject: {fileID: 1011138847690857}
  m_LocalRotation: {x: -0.7071068, y: 0, z: 0, w: 0.7071067}
  m_LocalPosition: {x: 0, y: 0, z: 0}
  m_LocalScale: {x: 100, y: 100, z: 100}
  m_Children:
  - {fileID: 4472446263375329}
  m_Father: {fileID: 4719024086867440}
  m_RootOrder: 0
  m_LocalEulerAnglesHint: {x: -90.00001, y: 0, z: 0}
--- !u!1 &1136410458981424
GameObject:
  m_CorrespondingSourceObject: {fileID: 0}
  m_PrefabInstance: {fileID: 100100000}
  m_PrefabAsset: {fileID: 0}
  serializedVersion: 5
  m_Component:
  - component: {fileID: 4472446263375329}
  m_Layer: 0
  m_Name: Root
  m_TagString: Untagged
  m_Icon: {fileID: 0}
  m_NavMeshLayer: 0
  m_StaticEditorFlags: 0
  m_IsActive: 1
--- !u!4 &4472446263375329
Transform:
  m_CorrespondingSourceObject: {fileID: 0}
  m_PrefabInstance: {fileID: 100100000}
  m_PrefabAsset: {fileID: 0}
  m_GameObject: {fileID: 1136410458981424}
  m_LocalRotation: {x: 0.7071068, y: 0, z: 0, w: 0.7071067}
  m_LocalPosition: {x: 0, y: 0, z: -0.008}
  m_LocalScale: {x: 1, y: 1, z: 1}
  m_Children:
  - {fileID: 4666480466063673}
  m_Father: {fileID: 4389755509493747}
  m_RootOrder: 0
  m_LocalEulerAnglesHint: {x: 90.00001, y: 0, z: 0}
--- !u!1 &1066996493869679
GameObject:
  m_CorrespondingSourceObject: {fileID: 0}
  m_PrefabInstance: {fileID: 100100000}
  m_PrefabAsset: {fileID: 0}
  serializedVersion: 5
  m_Component:
  - component: {fileID: 4666480466063673}
  m_Layer: 0
  m_Name: Bone1
  m_TagString: Untagged
  m_Icon: {fileID: 0}
  m_NavMeshLayer: 0
  m_StaticEditorFlags: 0
  m_IsActive: 1
--- !u!4 &4666480466063673
Transform:
  m_CorrespondingSourceObject: {fileID: 0}
  m_PrefabInstance: {fileID: 100100000}
  m_PrefabAsset: {fileID: 0}
  m_GameObject: {fileID: 1066996493869679}
  m_LocalRotation: {x: 0, y: 0, z: 0, w: 1}
  m_LocalPosition: {x: 0, y: 0.008, z: 0}
  m_LocalScale: {x: 1, y: 1, z: 1}
  m_Children:
  - {fileID: 4183470775890152}
  m_Father: {fileID: 4472446263375329}
  m_RootOrder: 0
  m_LocalEulerAnglesHint: {x: 0, y: 0, z: 0}
--- !u!1 &1178285414171707
GameObject:
  m_CorrespondingSourceObject: {fileID: 0}
  m_PrefabInstance: {fileID: 100100000}
  m_PrefabAsset: {fileID: 0}
  serializedVersion: 5
  m_Component:
  - component: {fileID: 4183470775890152}
  m_Layer: 0
  m_Name: Bone2
  m_TagString: Untagged
  m_Icon: {fileID: 0}
  m_NavMeshLayer: 0
  m_StaticEditorFlags: 0
  m_IsActive: 1
--- !u!4 &4183470775890152
Transform:
  m_CorrespondingSourceObject: {fileID: 0}
  m_PrefabInstance: {fileID: 100100000}
  m_PrefabAsset: {fileID: 0}
  m_GameObject: {fileID: 1178285414171707}
  m_LocalRotation: {x: 0, y: 0, z: 0, w: 1}
  m_LocalPosition: {x: 0, y: 0.008203726, z: 0}
  m_LocalScale: {x: 1, y: 1, z: 1}
  m_Children:
  - {fileID: 4011309087770742}
  m_Father: {fileID: 4666480466063673}
  m_RootOrder: 0
  m_LocalEulerAnglesHint: {x: 0, y: 0, z: 0}
--- !u!1 &1064005817998677
GameObject:
  m_CorrespondingSourceObject: {fileID: 0}
  m_PrefabInstance: {fileID: 100100000}
  m_PrefabAsset: {fileID: 0}
  serializedVersion: 5
  m_Component:
  - component: {fileID: 4011309087770742}
  m_Layer: 0
  m_Name: Bone3
  m_TagString: Untagged
  m_Icon: {fileID: 0}
  m_NavMeshLayer: 0
  m_StaticEditorFlags: 0
  m_IsActive: 1
--- !u!4 &4011309087770742
Transform:
  m_CorrespondingSourceObject: {fileID: 0}
  m_PrefabInstance: {fileID: 100100000}
  m_PrefabAsset: {fileID: 0}
  m_GameObject: {fileID: 1064005817998677}
  m_LocalRotation: {x: 0, y: 0, z: 0, w: 1}
  m_LocalPosition: {x: 0, y: 0.005886933, z: 0}
  m_LocalScale: {x: 1, y: 1, z: 1}
  m_Children:
  - {fileID: 4713272745842288}
  m_Father: {fileID: 4183470775890152}
  m_RootOrder: 0
  m_LocalEulerAnglesHint: {x: 0, y: 0, z: 0}
--- !u!1 &1341166387167206
GameObject:
  m_CorrespondingSourceObject: {fileID: 0}
  m_PrefabInstance: {fileID: 100100000}
  m_PrefabAsset: {fileID: 0}
  serializedVersion: 5
  m_Component:
  - component: {fileID: 4713272745842288}
  m_Layer: 0
  m_Name: Bone4
  m_TagString: Untagged
  m_Icon: {fileID: 0}
  m_NavMeshLayer: 0
  m_StaticEditorFlags: 0
  m_IsActive: 1
--- !u!4 &4713272745842288
Transform:
  m_CorrespondingSourceObject: {fileID: 0}
  m_PrefabInstance: {fileID: 100100000}
  m_PrefabAsset: {fileID: 0}
  m_GameObject: {fileID: 1341166387167206}
  m_LocalRotation: {x: 0, y: 0, z: 0, w: 1}
  m_LocalPosition: {x: 0, y: 0.005810974, z: 0}
  m_LocalScale: {x: 1, y: 1, z: 1}
  m_Children:
  - {fileID: 4697779968596822}
  m_Father: {fileID: 4011309087770742}
  m_RootOrder: 0
  m_LocalEulerAnglesHint: {x: 0, y: 0, z: 0}
--- !u!1 &1346180081184046
GameObject:
  m_CorrespondingSourceObject: {fileID: 0}
  m_PrefabInstance: {fileID: 100100000}
  m_PrefabAsset: {fileID: 0}
  serializedVersion: 5
  m_Component:
  - component: {fileID: 4697779968596822}
  m_Layer: 0
  m_Name: Bone5
  m_TagString: Untagged
  m_Icon: {fileID: 0}
  m_NavMeshLayer: 0
  m_StaticEditorFlags: 0
  m_IsActive: 1
--- !u!4 &4697779968596822
Transform:
  m_CorrespondingSourceObject: {fileID: 0}
  m_PrefabInstance: {fileID: 100100000}
  m_PrefabAsset: {fileID: 0}
  m_GameObject: {fileID: 1346180081184046}
  m_LocalRotation: {x: 0, y: 0, z: 0, w: 1}
  m_LocalPosition: {x: 0, y: 0.00543117, z: 0}
  m_LocalScale: {x: 1, y: 1, z: 1}
  m_Children:
  - {fileID: 4984200560350751}
  m_Father: {fileID: 4713272745842288}
  m_RootOrder: 0
  m_LocalEulerAnglesHint: {x: 0, y: 0, z: 0}
--- !u!1 &1532536414810240
GameObject:
  m_CorrespondingSourceObject: {fileID: 0}
  m_PrefabInstance: {fileID: 100100000}
  m_PrefabAsset: {fileID: 0}
  serializedVersion: 5
  m_Component:
  - component: {fileID: 4984200560350751}
  m_Layer: 0
  m_Name: Bone6
  m_TagString: Untagged
  m_Icon: {fileID: 0}
  m_NavMeshLayer: 0
  m_StaticEditorFlags: 0
  m_IsActive: 1
--- !u!4 &4984200560350751
Transform:
  m_CorrespondingSourceObject: {fileID: 0}
  m_PrefabInstance: {fileID: 100100000}
  m_PrefabAsset: {fileID: 0}
  m_GameObject: {fileID: 1532536414810240}
  m_LocalRotation: {x: 0, y: 0, z: 0, w: 1}
  m_LocalPosition: {x: 0, y: 0.00543117, z: 0}
  m_LocalScale: {x: 1, y: 1, z: 1}
  m_Children:
  - {fileID: 4033143301551546}
  m_Father: {fileID: 4697779968596822}
  m_RootOrder: 0
  m_LocalEulerAnglesHint: {x: 0, y: 0, z: 0}
--- !u!1 &1590048908707064
GameObject:
  m_CorrespondingSourceObject: {fileID: 0}
  m_PrefabInstance: {fileID: 100100000}
  m_PrefabAsset: {fileID: 0}
  serializedVersion: 5
  m_Component:
  - component: {fileID: 4033143301551546}
  m_Layer: 0
  m_Name: Bone7
  m_TagString: Untagged
  m_Icon: {fileID: 0}
  m_NavMeshLayer: 0
  m_StaticEditorFlags: 0
  m_IsActive: 1
--- !u!4 &4033143301551546
Transform:
  m_CorrespondingSourceObject: {fileID: 0}
  m_PrefabInstance: {fileID: 100100000}
  m_PrefabAsset: {fileID: 0}
  m_GameObject: {fileID: 1590048908707064}
  m_LocalRotation: {x: 0, y: 0, z: 0, w: 1}
  m_LocalPosition: {x: 0, y: 0.006114814, z: 0}
  m_LocalScale: {x: 1, y: 1, z: 1}
  m_Children: []
  m_Father: {fileID: 4984200560350751}
  m_RootOrder: 0
  m_LocalEulerAnglesHint: {x: 0, y: 0, z: 0}
--- !u!1 &1370257141208589
GameObject:
  m_CorrespondingSourceObject: {fileID: 0}
  m_PrefabInstance: {fileID: 100100000}
  m_PrefabAsset: {fileID: 0}
  serializedVersion: 5
  m_Component:
  - component: {fileID: 4967167048965773}
  - component: {fileID: 137013438418024540}
  m_Layer: 0
  m_Name: Cube
  m_TagString: Untagged
  m_Icon: {fileID: 0}
  m_NavMeshLayer: 0
  m_StaticEditorFlags: 0
  m_IsActive: 1
--- !u!4 &4967167048965773
Transform:
  m_CorrespondingSourceObject: {fileID: 0}
  m_PrefabInstance: {fileID: 100100000}
  m_PrefabAsset: {fileID: 0}
  m_GameObject: {fileID: 1370257141208589}
  m_LocalRotation: {x: 0.3556746, y: 0.6111428, z: 0.6111429, w: -0.3556746}
  m_LocalPosition: {x: 0.06562991, y: 0, z: 0}
  m_LocalScale: {x: 100, y: 100, z: 257.1277}
  m_Children: []
  m_Father: {fileID: 4719024086867440}
  m_RootOrder: 1
  m_LocalEulerAnglesHint: {x: 89.99999, y: 60.39734, z: 180}
--- !u!137 &137013438418024540
SkinnedMeshRenderer:
  m_CorrespondingSourceObject: {fileID: 0}
  m_PrefabInstance: {fileID: 100100000}
  m_PrefabAsset: {fileID: 0}
  m_GameObject: {fileID: 1370257141208589}
  m_Enabled: 1
  m_CastShadows: 1
  m_ReceiveShadows: 1
  m_DynamicOccludee: 1
  m_MotionVectors: 1
  m_LightProbeUsage: 1
  m_ReflectionProbeUsage: 1
  m_RayTracingMode: 0
  m_RenderingLayerMask: 1
  m_RendererPriority: 0
  m_Materials:
  - {fileID: 2100000, guid: 9c98ddc4295650d4fb50e11400d785ee, type: 2}
  m_StaticBatchInfo:
    firstSubMesh: 0
    subMeshCount: 0
  m_StaticBatchRoot: {fileID: 0}
  m_ProbeAnchor: {fileID: 0}
  m_LightProbeVolumeOverride: {fileID: 0}
  m_ScaleInLightmap: 1
  m_ReceiveGI: 1
  m_PreserveUVs: 0
  m_IgnoreNormalsForChartDetection: 0
  m_ImportantGI: 0
  m_StitchLightmapSeams: 0
  m_SelectedEditorRenderState: 3
  m_MinimumChartSize: 4
  m_AutoUVMaxDistance: 0.5
  m_AutoUVMaxAngle: 89
  m_LightmapParameters: {fileID: 0}
  m_SortingLayerID: 0
  m_SortingLayer: 0
  m_SortingOrder: 0
  serializedVersion: 2
  m_Quality: 0
  m_UpdateWhenOffscreen: 0
  m_skinnedMotionVectors: 1
  m_Mesh: {fileID: 4300000, guid: c67c3c611f7f89143b847fba2dac6e40, type: 2}
  m_Bones:
  - {fileID: 4472446263375329}
  - {fileID: 4666480466063673}
  - {fileID: 4183470775890152}
  - {fileID: 4011309087770742}
  - {fileID: 4713272745842288}
  - {fileID: 4697779968596822}
  - {fileID: 4984200560350751}
  - {fileID: 4033143301551546}
  m_BlendShapeWeights: []
  m_RootBone: {fileID: 4472446263375329}
  m_AABB:
    m_Center: {x: 4.200434E-05, y: 0.02709221, z: -6.502168E-05}
    m_Extent: {x: 0.001374829, y: 0.01914669, z: 0.00224621}
  m_DirtyAABB: 0
--- !u!1 &1019615515952444
GameObject:
  m_CorrespondingSourceObject: {fileID: 0}
  m_PrefabInstance: {fileID: 100100000}
  m_PrefabAsset: {fileID: 0}
  serializedVersion: 5
  m_Component:
  - component: {fileID: 4072402858405297}
  - component: {fileID: 137330818952124901}
  m_Layer: 0
  m_Name: Cube.001
  m_TagString: Untagged
  m_Icon: {fileID: 0}
  m_NavMeshLayer: 0
  m_StaticEditorFlags: 0
  m_IsActive: 1
--- !u!4 &4072402858405297
Transform:
  m_CorrespondingSourceObject: {fileID: 0}
  m_PrefabInstance: {fileID: 100100000}
  m_PrefabAsset: {fileID: 0}
  m_GameObject: {fileID: 1019615515952444}
  m_LocalRotation: {x: -0.7071068, y: 0, z: 0, w: 0.7071067}
  m_LocalPosition: {x: 0.01622517, y: 0.00656299, z: 8.817957E-10}
  m_LocalScale: {x: 100, y: 100, z: 304.2946}
  m_Children: []
  m_Father: {fileID: 4719024086867440}
  m_RootOrder: 2
  m_LocalEulerAnglesHint: {x: -90.00001, y: 0, z: 0}
--- !u!137 &137330818952124901
SkinnedMeshRenderer:
  m_CorrespondingSourceObject: {fileID: 0}
  m_PrefabInstance: {fileID: 100100000}
  m_PrefabAsset: {fileID: 0}
  m_GameObject: {fileID: 1019615515952444}
  m_Enabled: 1
  m_CastShadows: 1
  m_ReceiveShadows: 1
  m_DynamicOccludee: 1
  m_MotionVectors: 1
  m_LightProbeUsage: 1
  m_ReflectionProbeUsage: 1
  m_RayTracingMode: 0
  m_RenderingLayerMask: 1
  m_RendererPriority: 0
  m_Materials:
  - {fileID: 2100000, guid: 9c98ddc4295650d4fb50e11400d785ee, type: 2}
  m_StaticBatchInfo:
    firstSubMesh: 0
    subMeshCount: 0
  m_StaticBatchRoot: {fileID: 0}
  m_ProbeAnchor: {fileID: 0}
  m_LightProbeVolumeOverride: {fileID: 0}
  m_ScaleInLightmap: 1
  m_ReceiveGI: 1
  m_PreserveUVs: 0
  m_IgnoreNormalsForChartDetection: 0
  m_ImportantGI: 0
  m_StitchLightmapSeams: 0
  m_SelectedEditorRenderState: 3
  m_MinimumChartSize: 4
  m_AutoUVMaxDistance: 0.5
  m_AutoUVMaxAngle: 89
  m_LightmapParameters: {fileID: 0}
  m_SortingLayerID: 0
  m_SortingLayer: 0
  m_SortingOrder: 0
  serializedVersion: 2
  m_Quality: 0
  m_UpdateWhenOffscreen: 0
  m_skinnedMotionVectors: 1
  m_Mesh: {fileID: 4300000, guid: bc93526ee4219b443b8c56ffcad5ca99, type: 2}
  m_Bones:
  - {fileID: 4472446263375329}
  - {fileID: 4666480466063673}
  - {fileID: 4183470775890152}
  - {fileID: 4011309087770742}
  - {fileID: 4713272745842288}
  - {fileID: 4697779968596822}
  - {fileID: 4984200560350751}
  - {fileID: 4033143301551546}
  m_BlendShapeWeights: []
  m_RootBone: {fileID: 4472446263375329}
  m_AABB:
    m_Center: {x: 0.000586779, y: 0.03054091, z: 0.0004077578}
    m_Extent: {x: 0.00180586, y: 0.02253975, z: 0.001413429}
  m_DirtyAABB: 0
--- !u!1 &1096322957326181
GameObject:
  m_CorrespondingSourceObject: {fileID: 0}
  m_PrefabInstance: {fileID: 100100000}
  m_PrefabAsset: {fileID: 0}
  serializedVersion: 5
  m_Component:
  - component: {fileID: 4817228989099524}
  - component: {fileID: 137410291173969616}
  m_Layer: 0
  m_Name: Cube.002
  m_TagString: Untagged
  m_Icon: {fileID: 0}
  m_NavMeshLayer: 0
  m_StaticEditorFlags: 0
  m_IsActive: 1
--- !u!4 &4817228989099524
Transform:
  m_CorrespondingSourceObject: {fileID: 0}
  m_PrefabInstance: {fileID: 100100000}
  m_PrefabAsset: {fileID: 0}
  m_GameObject: {fileID: 1096322957326181}
  m_LocalRotation: {x: -0.07190779, y: 0.703441, z: 0.703441, w: 0.07190778}
  m_LocalPosition: {x: 0.06562991, y: 0, z: 0}
  m_LocalScale: {x: 99.99999, y: 99.99999, z: 291.0068}
  m_Children: []
  m_Father: {fileID: 4719024086867440}
  m_RootOrder: 3
  m_LocalEulerAnglesHint: {x: 90, y: -11.67333, z: 180}
--- !u!137 &137410291173969616
SkinnedMeshRenderer:
  m_CorrespondingSourceObject: {fileID: 0}
  m_PrefabInstance: {fileID: 100100000}
  m_PrefabAsset: {fileID: 0}
  m_GameObject: {fileID: 1096322957326181}
  m_Enabled: 1
  m_CastShadows: 1
  m_ReceiveShadows: 1
  m_DynamicOccludee: 1
  m_MotionVectors: 1
  m_LightProbeUsage: 1
  m_ReflectionProbeUsage: 1
  m_RayTracingMode: 0
  m_RenderingLayerMask: 1
  m_RendererPriority: 0
  m_Materials:
  - {fileID: 2100000, guid: 9c98ddc4295650d4fb50e11400d785ee, type: 2}
  m_StaticBatchInfo:
    firstSubMesh: 0
    subMeshCount: 0
  m_StaticBatchRoot: {fileID: 0}
  m_ProbeAnchor: {fileID: 0}
  m_LightProbeVolumeOverride: {fileID: 0}
  m_ScaleInLightmap: 1
  m_ReceiveGI: 1
  m_PreserveUVs: 0
  m_IgnoreNormalsForChartDetection: 0
  m_ImportantGI: 0
  m_StitchLightmapSeams: 0
  m_SelectedEditorRenderState: 3
  m_MinimumChartSize: 4
  m_AutoUVMaxDistance: 0.5
  m_AutoUVMaxAngle: 89
  m_LightmapParameters: {fileID: 0}
  m_SortingLayerID: 0
  m_SortingLayer: 0
  m_SortingOrder: 0
  serializedVersion: 2
  m_Quality: 0
  m_UpdateWhenOffscreen: 0
  m_skinnedMotionVectors: 1
  m_Mesh: {fileID: 4300000, guid: 4f712ec87edbed146b18a62a19b93214, type: 2}
  m_Bones:
  - {fileID: 4472446263375329}
  - {fileID: 4666480466063673}
  - {fileID: 4183470775890152}
  - {fileID: 4011309087770742}
  - {fileID: 4713272745842288}
  - {fileID: 4697779968596822}
  - {fileID: 4984200560350751}
  - {fileID: 4033143301551546}
  m_BlendShapeWeights: []
  m_RootBone: {fileID: 4472446263375329}
  m_AABB:
    m_Center: {x: -0.0002204189, y: 0.02929541, z: -0.0002504754}
    m_Extent: {x: 0.002099267, y: 0.02135707, z: 0.001699197}
  m_DirtyAABB: 0
