%YAML 1.1
%TAG !u! tag:unity3d.com,2011:
--- !u!1001 &100100000
PrefabInstance:
  serializedVersion: 2
  m_RootGameObject: {fileID: 1684753405982465}
  m_Modification:
    m_TransformParent: {fileID: 0}
    m_Modifications: []
    m_RemovedComponents: []
  m_SourcePrefab: {fileID: 0}
--- !u!1 &1684753405982465
GameObject:
  m_CorrespondingSourceObject: {fileID: 0}
  m_PrefabInstance: {fileID: 100100000}
  m_PrefabAsset: {fileID: 0}
  serializedVersion: 5
  m_Component:
  - component: {fileID: 4996061498575028}
  - component: {fileID: 114808172628185032}
  - component: {fileID: 114747515765179104}
  - component: {fileID: 114654104352718331}
  - component: {fileID: 114624827370975860}
  m_Layer: 10
  m_Name: TreasureChest_meadows
  m_TagString: Untagged
  m_Icon: {fileID: 0}
  m_NavMeshLayer: 0
  m_StaticEditorFlags: 0
  m_IsActive: 1
--- !u!4 &4996061498575028
Transform:
  m_CorrespondingSourceObject: {fileID: 0}
  m_PrefabInstance: {fileID: 100100000}
  m_PrefabAsset: {fileID: 0}
  m_GameObject: {fileID: 1684753405982465}
  m_LocalRotation: {x: 0, y: 0, z: 0, w: 1}
  m_LocalPosition: {x: 0, y: 0, z: 0}
  m_LocalScale: {x: 1, y: 1, z: 1}
  m_Children:
  - {fileID: 4663567012832176}
  m_Father: {fileID: 0}
  m_RootOrder: 0
  m_LocalEulerAnglesHint: {x: 0, y: 0, z: 0}
--- !u!114 &114808172628185032
MonoBehaviour:
  m_CorrespondingSourceObject: {fileID: 0}
  m_PrefabInstance: {fileID: 100100000}
  m_PrefabAsset: {fileID: 0}
  m_GameObject: {fileID: 1684753405982465}
  m_Enabled: 1
  m_EditorHideFlags: 0
  m_Script: {fileID: 11500000, guid: 8d13d63090ca3f942b327ae131eec5a0, type: 3}
  m_Name:
  m_EditorClassIdentifier:
  m_persistent: 1
  m_distant: 0
  m_type: 0
  m_syncInitialScale: 0
--- !u!114 &114747515765179104
MonoBehaviour:
  m_CorrespondingSourceObject: {fileID: 0}
  m_PrefabInstance: {fileID: 100100000}
  m_PrefabAsset: {fileID: 0}
  m_GameObject: {fileID: 1684753405982465}
  m_Enabled: 1
  m_EditorHideFlags: 0
  m_Script: {fileID: 11500000, guid: 085ace0a09b5d2a41bb6e1fabb8f902c, type: 3}
  m_Name:
  m_EditorClassIdentifier:
  m_name: Chest
  m_bkg: {fileID: 21300196, guid: 5c77c76603a7c5b4b968c5c9fd4e0646, type: 3}
  m_width: 4
  m_height: 2
  m_privacy: 2
  m_checkGuardStone: 0
  m_autoDestroyEmpty: 0
  m_defaultItems:
    m_drops:
    - m_item: {fileID: 1432596281833155, guid: 467871e92b2832a4b8848c0721961784, type: 2}
      m_stackMin: 1
      m_stackMax: 3
      m_weight: 1
    - m_item: {fileID: 1715511214275898, guid: d7fc17f7d13102f46b8e2af4c0778c20, type: 2}
      m_stackMin: 5
      m_stackMax: 15
      m_weight: 1
    - m_item: {fileID: 1274073520462432, guid: cc7f99d90a417bb438ccb56be9418ab7, type: 2}
      m_stackMin: 1
      m_stackMax: 1
      m_weight: 1
    - m_item: {fileID: 1675860519305668, guid: 374933c404e9a484abb2c54aaea09038, type: 2}
      m_stackMin: 10
      m_stackMax: 20
      m_weight: 1
    - m_item: {fileID: 1800698416472565, guid: 9f6e1cbecf97d444185d8adae7fcb57c, type: 2}
      m_stackMin: 1
      m_stackMax: 1
      m_weight: 1
    - m_item: {fileID: 1761870560838881, guid: 994d6d9f76958e54d813bede6d665000, type: 2}
      m_stackMin: 2
      m_stackMax: 4
      m_weight: 1
    m_dropMin: 2
    m_dropMax: 3
    m_dropChance: 1
    m_oneOfEach: 1
  m_open: {fileID: 1517291828483758}
  m_closed: {fileID: 1358308857335726}
  m_openEffects:
    m_effectPrefabs: []
  m_closeEffects:
    m_effectPrefabs: []
  m_rootObjectOverride: {fileID: 0}
  m_wagon: {fileID: 0}
  m_destroyedLootPrefab: {fileID: 0}
--- !u!114 &114654104352718331
MonoBehaviour:
  m_CorrespondingSourceObject: {fileID: 0}
  m_PrefabInstance: {fileID: 100100000}
  m_PrefabAsset: {fileID: 0}
  m_GameObject: {fileID: 1684753405982465}
  m_Enabled: 1
  m_EditorHideFlags: 0
  m_Script: {fileID: 11500000, guid: e64dc9225b089f741ae662be1bf243ce, type: 3}
  m_Name:
  m_EditorClassIdentifier:
  m_primaryTarget: 0
  m_randomTarget: 0
  m_targetNonPlayerBuilt: 1
  m_icon: {fileID: 21300514, guid: 2c13a7d8b899c57499dfb133f02c9ce3, type: 3}
  m_name: Chest
  m_description:
  m_enabled: 1
  m_category: 3
  m_isUpgrade: 0
  m_comfort: 0
  m_comfortGroup: 0
  m_comfortObject: {fileID: 0}
  m_groundPiece: 0
  m_allowAltGroundPlacement: 0
  m_groundOnly: 0
  m_cultivatedGroundOnly: 0
  m_waterPiece: 0
  m_clipGround: 0
  m_clipEverything: 0
  m_noInWater: 1
  m_notOnWood: 0
  m_notOnTiltingSurface: 0
  m_inCeilingOnly: 0
  m_notOnFloor: 0
  m_noClipping: 0
  m_onlyInTeleportArea: 0
  m_allowedInDungeons: 0
  m_spaceRequirement: 0
  m_repairPiece: 0
  m_canBeRemoved: 1
  m_allowRotatedOverlap: 0
  m_onlyInBiome: 0
  m_placeEffect:
    m_effectPrefabs:
    - m_prefab: {fileID: 1585658460216871, guid: a395099566ab3eb45a65ae3603495886, type: 2}
      m_enabled: 1
      m_variant: -1
      m_attach: 0
      m_inheritParentRotation: 0
      m_inheritParentScale: 0
      m_randomRotation: 0
      m_scale: 0
      m_childTransform:
  m_dlc:
  m_craftingStation: {fileID: 0}
  m_resources:
  - m_resItem: {fileID: 114674868016270417, guid: 1fc6f3c0435344344a3f68cdcd62c82c, type: 2}
    m_amount: 10
    m_amountPerLevel: 1
    m_recover: 1
  m_destroyedLootPrefab: {fileID: 0}
--- !u!114 &114624827370975860
MonoBehaviour:
  m_CorrespondingSourceObject: {fileID: 0}
  m_PrefabInstance: {fileID: 100100000}
  m_PrefabAsset: {fileID: 0}
  m_GameObject: {fileID: 1684753405982465}
  m_Enabled: 1
  m_EditorHideFlags: 0
  m_Script: {fileID: 11500000, guid: 3971d5aeabc92544cb1deab28458dc77, type: 3}
  m_Name:
  m_EditorClassIdentifier:
  m_new: {fileID: 1463835766044647}
  m_worn: {fileID: 1463835766044647}
  m_broken: {fileID: 1463835766044647}
  m_wet: {fileID: 0}
  m_noRoofWear: 0
  m_noSupportWear: 1
  m_materialType: 0
  m_supports: 1
  m_comOffset: {x: 0, y: 0, z: 0}
  m_health: 200
  m_damages:
    m_blunt: 1
    m_slash: 1
    m_pierce: 1
    m_chop: 1
    m_pickaxe: 1
    m_fire: 1
    m_frost: 1
    m_lightning: 0
    m_poison: 0
    m_spirit: 0
  m_hitNoise: 0
  m_destroyNoise: 0
  m_destroyedEffect:
    m_effectPrefabs:
    - m_prefab: {fileID: 1286009061253838, guid: 9410b2e6398ea6845923882b463cadf0, type: 2}
      m_enabled: 1
      m_variant: -1
      m_attach: 0
      m_inheritParentRotation: 0
      m_inheritParentScale: 0
      m_randomRotation: 0
      m_scale: 0
      m_childTransform:
    - m_prefab: {fileID: 1877066543788286, guid: 8ec301aa842e84941a6aaf2db56c5e3f, type: 2}
      m_enabled: 1
      m_variant: -1
      m_attach: 0
      m_inheritParentRotation: 0
      m_inheritParentScale: 0
      m_randomRotation: 0
      m_scale: 0
      m_childTransform:
  m_hitEffect:
    m_effectPrefabs:
    - m_prefab: {fileID: 1286009061253838, guid: 9410b2e6398ea6845923882b463cadf0, type: 2}
      m_enabled: 1
      m_variant: -1
      m_attach: 0
      m_inheritParentRotation: 0
      m_inheritParentScale: 0
      m_randomRotation: 0
      m_scale: 0
      m_childTransform:
  m_switchEffect:
    m_effectPrefabs: []
  m_autoCreateFragments: 1
  m_fragmentRoots: []
--- !u!1 &1463835766044647
GameObject:
  m_CorrespondingSourceObject: {fileID: 0}
  m_PrefabInstance: {fileID: 100100000}
  m_PrefabAsset: {fileID: 0}
  serializedVersion: 5
  m_Component:
  - component: {fileID: 4663567012832176}
  - component: {fileID: 205819619608199593}
  m_Layer: 10
  m_Name: New
  m_TagString: Untagged
  m_Icon: {fileID: 0}
  m_NavMeshLayer: 0
  m_StaticEditorFlags: 0
  m_IsActive: 1
--- !u!4 &4663567012832176
Transform:
  m_CorrespondingSourceObject: {fileID: 0}
  m_PrefabInstance: {fileID: 100100000}
  m_PrefabAsset: {fileID: 0}
  m_GameObject: {fileID: 1463835766044647}
  m_LocalRotation: {x: 0, y: 0, z: 0, w: 1}
  m_LocalPosition: {x: 0, y: 0, z: 0}
  m_LocalScale: {x: 1, y: 1, z: 1}
  m_Children:
  - {fileID: 4631060301017347}
  - {fileID: 4702976704909332}
  - {fileID: 4155280629681818}
  m_Father: {fileID: 4996061498575028}
  m_RootOrder: 0
  m_LocalEulerAnglesHint: {x: 0, y: 0, z: 0}
--- !u!205 &205819619608199593
LODGroup:
  m_CorrespondingSourceObject: {fileID: 0}
  m_PrefabInstance: {fileID: 100100000}
  m_PrefabAsset: {fileID: 0}
  m_GameObject: {fileID: 1463835766044647}
  serializedVersion: 2
  m_LocalReferencePoint: {x: 0, y: 0.3937635, z: 0.008395195}
  m_Size: 1.644714
  m_FadeMode: 0
  m_AnimateCrossFading: 0
  m_LastLODIsBillboard: 0
  m_LODs:
  - screenRelativeHeight: 0.04781017
    fadeTransitionWidth: 0
    renderers:
    - renderer: {fileID: 23516627353835331}
    - renderer: {fileID: 23382119788811888}
  m_Enabled: 1
--- !u!1 &1536279555585679
GameObject:
  m_CorrespondingSourceObject: {fileID: 0}
  m_PrefabInstance: {fileID: 100100000}
  m_PrefabAsset: {fileID: 0}
  serializedVersion: 5
  m_Component:
  - component: {fileID: 4631060301017347}
  - component: {fileID: 33985796187322332}
  - component: {fileID: 23516627353835331}
  - component: {fileID: 64567984184391210}
  m_Layer: 10
  m_Name: woodchest
  m_TagString: Untagged
  m_Icon: {fileID: 0}
  m_NavMeshLayer: 0
  m_StaticEditorFlags: 0
  m_IsActive: 1
--- !u!4 &4631060301017347
Transform:
  m_CorrespondingSourceObject: {fileID: 0}
  m_PrefabInstance: {fileID: 100100000}
  m_PrefabAsset: {fileID: 0}
  m_GameObject: {fileID: 1536279555585679}
  m_LocalRotation: {x: 0, y: 1, z: 0, w: 0}
  m_LocalPosition: {x: 0, y: 0, z: 0}
  m_LocalScale: {x: 0.9, y: 0.9, z: 0.9}
  m_Children: []
  m_Father: {fileID: 4663567012832176}
  m_RootOrder: 0
  m_LocalEulerAnglesHint: {x: 180, y: 0, z: -180}
--- !u!33 &33985796187322332
MeshFilter:
  m_CorrespondingSourceObject: {fileID: 0}
  m_PrefabInstance: {fileID: 100100000}
  m_PrefabAsset: {fileID: 0}
  m_GameObject: {fileID: 1536279555585679}
  m_Mesh: {fileID: 4300000, guid: 67af510f447ebb84592a4682c50b0cdb, type: 2}
--- !u!23 &23516627353835331
MeshRenderer:
  m_CorrespondingSourceObject: {fileID: 0}
  m_PrefabInstance: {fileID: 100100000}
  m_PrefabAsset: {fileID: 0}
  m_GameObject: {fileID: 1536279555585679}
  m_Enabled: 1
  m_CastShadows: 1
  m_ReceiveShadows: 1
  m_DynamicOccludee: 1
  m_MotionVectors: 1
  m_LightProbeUsage: 1
  m_ReflectionProbeUsage: 1
  m_RayTracingMode: 2
  m_RenderingLayerMask: 1
  m_RendererPriority: 0
  m_Materials:
  - {fileID: 2100000, guid: 834481b1ff34da04e8ac98f5ff1fe929, type: 2}
  m_StaticBatchInfo:
    firstSubMesh: 0
    subMeshCount: 0
  m_StaticBatchRoot: {fileID: 0}
  m_ProbeAnchor: {fileID: 0}
  m_LightProbeVolumeOverride: {fileID: 0}
  m_ScaleInLightmap: 1
  m_ReceiveGI: 1
  m_PreserveUVs: 0
  m_IgnoreNormalsForChartDetection: 0
  m_ImportantGI: 0
  m_StitchLightmapSeams: 0
  m_SelectedEditorRenderState: 3
  m_MinimumChartSize: 4
  m_AutoUVMaxDistance: 0.5
  m_AutoUVMaxAngle: 89
  m_LightmapParameters: {fileID: 0}
  m_SortingLayerID: 0
  m_SortingLayer: 0
  m_SortingOrder: 0
--- !u!64 &64567984184391210
MeshCollider:
  m_CorrespondingSourceObject: {fileID: 0}
  m_PrefabInstance: {fileID: 100100000}
  m_PrefabAsset: {fileID: 0}
  m_GameObject: {fileID: 1536279555585679}
  m_Material: {fileID: 0}
  m_IsTrigger: 0
  m_Enabled: 1
  serializedVersion: 4
  m_Convex: 1
  m_CookingOptions: 30
  m_SkinWidth: 0.01
  m_Mesh: {fileID: 4300000, guid: 67af510f447ebb84592a4682c50b0cdb, type: 2}
--- !u!1 &1517291828483758
GameObject:
  m_CorrespondingSourceObject: {fileID: 0}
  m_PrefabInstance: {fileID: 100100000}
  m_PrefabAsset: {fileID: 0}
  serializedVersion: 5
  m_Component:
  - component: {fileID: 4702976704909332}
  - component: {fileID: 33465877618314532}
  - component: {fileID: 23470217048020707}
  m_Layer: 10
  m_Name: woodchesttop_open
  m_TagString: Untagged
  m_Icon: {fileID: 0}
  m_NavMeshLayer: 0
  m_StaticEditorFlags: 0
  m_IsActive: 0
--- !u!4 &4702976704909332
Transform:
  m_CorrespondingSourceObject: {fileID: 0}
  m_PrefabInstance: {fileID: 100100000}
  m_PrefabAsset: {fileID: 0}
  m_GameObject: {fileID: 1517291828483758}
  m_LocalRotation: {x: 0, y: 1, z: 0, w: 0}
  m_LocalPosition: {x: 0, y: 0, z: -0.392}
  m_LocalScale: {x: 0.9, y: 0.9, z: 0.9}
  m_Children: []
  m_Father: {fileID: 4663567012832176}
  m_RootOrder: 1
  m_LocalEulerAnglesHint: {x: 180, y: 0, z: -180}
--- !u!33 &33465877618314532
MeshFilter:
  m_CorrespondingSourceObject: {fileID: 0}
  m_PrefabInstance: {fileID: 100100000}
  m_PrefabAsset: {fileID: 0}
  m_GameObject: {fileID: 1517291828483758}
  m_Mesh: {fileID: 4300000, guid: 7e8e37251784f704e8ac27bca8a7ff45, type: 2}
--- !u!23 &23470217048020707
MeshRenderer:
  m_CorrespondingSourceObject: {fileID: 0}
  m_PrefabInstance: {fileID: 100100000}
  m_PrefabAsset: {fileID: 0}
  m_GameObject: {fileID: 1517291828483758}
  m_Enabled: 1
  m_CastShadows: 1
  m_ReceiveShadows: 1
  m_DynamicOccludee: 1
  m_MotionVectors: 1
  m_LightProbeUsage: 1
  m_ReflectionProbeUsage: 1
  m_RayTracingMode: 2
  m_RenderingLayerMask: 1
  m_RendererPriority: 0
  m_Materials:
  - {fileID: 2100000, guid: 834481b1ff34da04e8ac98f5ff1fe929, type: 2}
  m_StaticBatchInfo:
    firstSubMesh: 0
    subMeshCount: 0
  m_StaticBatchRoot: {fileID: 0}
  m_ProbeAnchor: {fileID: 0}
  m_LightProbeVolumeOverride: {fileID: 0}
  m_ScaleInLightmap: 1
  m_ReceiveGI: 1
  m_PreserveUVs: 0
  m_IgnoreNormalsForChartDetection: 0
  m_ImportantGI: 0
  m_StitchLightmapSeams: 0
  m_SelectedEditorRenderState: 3
  m_MinimumChartSize: 4
  m_AutoUVMaxDistance: 0.5
  m_AutoUVMaxAngle: 89
  m_LightmapParameters: {fileID: 0}
  m_SortingLayerID: 0
  m_SortingLayer: 0
  m_SortingOrder: 0
--- !u!1 &1358308857335726
GameObject:
  m_CorrespondingSourceObject: {fileID: 0}
  m_PrefabInstance: {fileID: 100100000}
  m_PrefabAsset: {fileID: 0}
  serializedVersion: 5
  m_Component:
  - component: {fileID: 4155280629681818}
  - component: {fileID: 33376309065784503}
  - component: {fileID: 23382119788811888}
  m_Layer: 10
  m_Name: woodchesttop_closed
  m_TagString: Untagged
  m_Icon: {fileID: 0}
  m_NavMeshLayer: 0
  m_StaticEditorFlags: 0
  m_IsActive: 1
--- !u!4 &4155280629681818
Transform:
  m_CorrespondingSourceObject: {fileID: 0}
  m_PrefabInstance: {fileID: 100100000}
  m_PrefabAsset: {fileID: 0}
  m_GameObject: {fileID: 1358308857335726}
  m_LocalRotation: {x: 0, y: 1, z: 0, w: 0}
  m_LocalPosition: {x: 0, y: 0, z: 0}
  m_LocalScale: {x: 0.9, y: 0.9, z: 0.9}
  m_Children: []
  m_Father: {fileID: 4663567012832176}
  m_RootOrder: 2
  m_LocalEulerAnglesHint: {x: -180, y: 0, z: 180}
--- !u!33 &33376309065784503
MeshFilter:
  m_CorrespondingSourceObject: {fileID: 0}
  m_PrefabInstance: {fileID: 100100000}
  m_PrefabAsset: {fileID: 0}
  m_GameObject: {fileID: 1358308857335726}
  m_Mesh: {fileID: 4300000, guid: 7e8e37251784f704e8ac27bca8a7ff45, type: 2}
--- !u!23 &23382119788811888
MeshRenderer:
  m_CorrespondingSourceObject: {fileID: 0}
  m_PrefabInstance: {fileID: 100100000}
  m_PrefabAsset: {fileID: 0}
  m_GameObject: {fileID: 1358308857335726}
  m_Enabled: 1
  m_CastShadows: 1
  m_ReceiveShadows: 1
  m_DynamicOccludee: 1
  m_MotionVectors: 1
  m_LightProbeUsage: 1
  m_ReflectionProbeUsage: 1
  m_RayTracingMode: 2
  m_RenderingLayerMask: 1
  m_RendererPriority: 0
  m_Materials:
  - {fileID: 2100000, guid: 834481b1ff34da04e8ac98f5ff1fe929, type: 2}
  m_StaticBatchInfo:
    firstSubMesh: 0
    subMeshCount: 0
  m_StaticBatchRoot: {fileID: 0}
  m_ProbeAnchor: {fileID: 0}
  m_LightProbeVolumeOverride: {fileID: 0}
  m_ScaleInLightmap: 1
  m_ReceiveGI: 1
  m_PreserveUVs: 0
  m_IgnoreNormalsForChartDetection: 0
  m_ImportantGI: 0
  m_StitchLightmapSeams: 0
  m_SelectedEditorRenderState: 3
  m_MinimumChartSize: 4
  m_AutoUVMaxDistance: 0.5
  m_AutoUVMaxAngle: 89
  m_LightmapParameters: {fileID: 0}
  m_SortingLayerID: 0
  m_SortingLayer: 0
  m_SortingOrder: 0
