%YAML 1.1
%TAG !u! tag:unity3d.com,2011:
--- !u!1001 &100100000
PrefabInstance:
  serializedVersion: 2
  m_RootGameObject: {fileID: 1778343553281290}
  m_Modification:
    m_TransformParent: {fileID: 0}
    m_Modifications: []
    m_RemovedComponents: []
  m_SourcePrefab: {fileID: 0}
--- !u!1 &1778343553281290
GameObject:
  m_CorrespondingSourceObject: {fileID: 0}
  m_PrefabInstance: {fileID: 100100000}
  m_PrefabAsset: {fileID: 0}
  serializedVersion: 5
  m_Component:
  - component: {fileID: 4371624103611588}
  - component: {fileID: 205329819741302007}
  - component: {fileID: 114156071187217560}
  - component: {fileID: 114446559310930254}
  m_Layer: 8
  m_Name: Wolf_Ragdoll
  m_TagString: Untagged
  m_Icon: {fileID: 0}
  m_NavMeshLayer: 0
  m_StaticEditorFlags: 0
  m_IsActive: 1
--- !u!4 &4371624103611588
Transform:
  m_CorrespondingSourceObject: {fileID: 0}
  m_PrefabInstance: {fileID: 100100000}
  m_PrefabAsset: {fileID: 0}
  m_GameObject: {fileID: 1778343553281290}
  m_LocalRotation: {x: 0, y: 0, z: 0, w: 1}
  m_LocalPosition: {x: 0, y: 500, z: -0.18}
  m_LocalScale: {x: 1, y: 1, z: 1}
  m_Children:
  - {fileID: 4425751256061693}
  m_Father: {fileID: 0}
  m_RootOrder: 0
  m_LocalEulerAnglesHint: {x: 0, y: 0, z: 0}
--- !u!205 &205329819741302007
LODGroup:
  m_CorrespondingSourceObject: {fileID: 0}
  m_PrefabInstance: {fileID: 100100000}
  m_PrefabAsset: {fileID: 0}
  m_GameObject: {fileID: 1778343553281290}
  serializedVersion: 2
  m_LocalReferencePoint: {x: -0.002110511, y: 0.7424173, z: -0.200676}
  m_Size: 2.830154
  m_FadeMode: 0
  m_AnimateCrossFading: 0
  m_LastLODIsBillboard: 0
  m_LODs:
  - screenRelativeHeight: 0.08852818
    fadeTransitionWidth: 0
    renderers:
    - renderer: {fileID: 137157468715311736}
  m_Enabled: 1
--- !u!114 &114156071187217560
MonoBehaviour:
  m_CorrespondingSourceObject: {fileID: 0}
  m_PrefabInstance: {fileID: 100100000}
  m_PrefabAsset: {fileID: 0}
  m_GameObject: {fileID: 1778343553281290}
  m_Enabled: 1
  m_EditorHideFlags: 0
  m_Script: {fileID: 11500000, guid: 8d13d63090ca3f942b327ae131eec5a0, type: 3}
  m_Name:
  m_EditorClassIdentifier:
  m_persistent: 1
  m_distant: 0
  m_type: 0
  m_syncInitialScale: 0
--- !u!114 &114446559310930254
MonoBehaviour:
  m_CorrespondingSourceObject: {fileID: 0}
  m_PrefabInstance: {fileID: 100100000}
  m_PrefabAsset: {fileID: 0}
  m_GameObject: {fileID: 1778343553281290}
  m_Enabled: 1
  m_EditorHideFlags: 0
  m_Script: {fileID: 11500000, guid: d264112e673c9734e894b64e5b2c29da, type: 3}
  m_Name:
  m_EditorClassIdentifier:
  m_velMultiplier: 1.4
  m_ttl: 2
  m_mainModel: {fileID: 137157468715311736}
  m_removeEffect:
    m_effectPrefabs:
    - m_prefab: {fileID: 1941118799205318, guid: 8df1ed66149c7e744a0b4f911897323f, type: 2}
      m_enabled: 1
      m_variant: -1
      m_attach: 0
      m_inheritParentRotation: 0
      m_inheritParentScale: 0
      m_randomRotation: 0
      m_scale: 0
      m_childTransform:
  m_float: 1
  m_floatOffset: -0.2
--- !u!1 &1975004077925587
GameObject:
  m_CorrespondingSourceObject: {fileID: 0}
  m_PrefabInstance: {fileID: 100100000}
  m_PrefabAsset: {fileID: 0}
  serializedVersion: 5
  m_Component:
  - component: {fileID: 4425751256061693}
  m_Layer: 8
  m_Name: WolfSmooth
  m_TagString: Untagged
  m_Icon: {fileID: 0}
  m_NavMeshLayer: 0
  m_StaticEditorFlags: 0
  m_IsActive: 1
--- !u!4 &4425751256061693
Transform:
  m_CorrespondingSourceObject: {fileID: 0}
  m_PrefabInstance: {fileID: 100100000}
  m_PrefabAsset: {fileID: 0}
  m_GameObject: {fileID: 1975004077925587}
  m_LocalRotation: {x: 0, y: 0, z: 0, w: 1}
  m_LocalPosition: {x: 0, y: 0, z: -0.278}
  m_LocalScale: {x: 1.5, y: 1.5, z: 1.5}
  m_Children:
  - {fileID: 4580900419855160}
  - {fileID: 4479564730444920}
  m_Father: {fileID: 4371624103611588}
  m_RootOrder: 0
  m_LocalEulerAnglesHint: {x: 0, y: 0, z: 0}
--- !u!1 &1196800992215143
GameObject:
  m_CorrespondingSourceObject: {fileID: 0}
  m_PrefabInstance: {fileID: 100100000}
  m_PrefabAsset: {fileID: 0}
  serializedVersion: 5
  m_Component:
  - component: {fileID: 4580900419855160}
  m_Layer: 8
  m_Name: CG
  m_TagString: Untagged
  m_Icon: {fileID: 0}
  m_NavMeshLayer: 0
  m_StaticEditorFlags: 0
  m_IsActive: 1
--- !u!4 &4580900419855160
Transform:
  m_CorrespondingSourceObject: {fileID: 0}
  m_PrefabInstance: {fileID: 100100000}
  m_PrefabAsset: {fileID: 0}
  m_GameObject: {fileID: 1196800992215143}
  m_LocalRotation: {x: -0.5000004, y: 0.4999996, z: 0.4999996, w: 0.5000004}
  m_LocalPosition: {x: 0, y: 0.5962805, z: -0.1692123}
  m_LocalScale: {x: 1, y: 1, z: 1}
  m_Children:
  - {fileID: 4763069156659202}
  m_Father: {fileID: 4425751256061693}
  m_RootOrder: 0
  m_LocalEulerAnglesHint: {x: -90, y: -89.99992, z: 0}
--- !u!1 &1885684379750585
GameObject:
  m_CorrespondingSourceObject: {fileID: 0}
  m_PrefabInstance: {fileID: 100100000}
  m_PrefabAsset: {fileID: 0}
  serializedVersion: 5
  m_Component:
  - component: {fileID: 4763069156659202}
  - component: {fileID: 65066656082331732}
  - component: {fileID: 54416050803272015}
  m_Layer: 8
  m_Name: Pelvis
  m_TagString: Untagged
  m_Icon: {fileID: 0}
  m_NavMeshLayer: 0
  m_StaticEditorFlags: 0
  m_IsActive: 1
--- !u!4 &4763069156659202
Transform:
  m_CorrespondingSourceObject: {fileID: 0}
  m_PrefabInstance: {fileID: 100100000}
  m_PrefabAsset: {fileID: 0}
  m_GameObject: {fileID: 1885684379750585}
  m_LocalRotation: {x: -0.5, y: 0.5, z: 0.4999994, w: 0.5000007}
  m_LocalPosition: {x: -1.932676E-14, y: 0, z: -5.331344E-12}
  m_LocalScale: {x: 1, y: 0.9999999, z: 1}
  m_Children:
  - {fileID: 4389934739495704}
  m_Father: {fileID: 4580900419855160}
  m_RootOrder: 0
  m_LocalEulerAnglesHint: {x: -89.99993, y: -89.99993, z: 0}
--- !u!65 &65066656082331732
BoxCollider:
  m_CorrespondingSourceObject: {fileID: 0}
  m_PrefabInstance: {fileID: 100100000}
  m_PrefabAsset: {fileID: 0}
  m_GameObject: {fileID: 1885684379750585}
  m_Material: {fileID: 0}
  m_IsTrigger: 0
  m_Enabled: 1
  serializedVersion: 2
  m_Size: {x: 0.24725, y: 0.4172049, z: 0.2864693}
  m_Center: {x: -0.01447828, y: 0.2086023, z: -8.493662E-07}
--- !u!54 &54416050803272015
Rigidbody:
  m_CorrespondingSourceObject: {fileID: 0}
  m_PrefabInstance: {fileID: 100100000}
  m_PrefabAsset: {fileID: 0}
  m_GameObject: {fileID: 1885684379750585}
  serializedVersion: 2
  m_Mass: 3.125
  m_Drag: 0
  m_AngularDrag: 0.05
  m_UseGravity: 1
  m_IsKinematic: 0
  m_Interpolate: 0
  m_Constraints: 0
  m_CollisionDetection: 0
--- !u!1 &1701470074457182
GameObject:
  m_CorrespondingSourceObject: {fileID: 0}
  m_PrefabInstance: {fileID: 100100000}
  m_PrefabAsset: {fileID: 0}
  serializedVersion: 5
  m_Component:
  - component: {fileID: 4389934739495704}
  m_Layer: 8
  m_Name: Spine
  m_TagString: Untagged
  m_Icon: {fileID: 0}
  m_NavMeshLayer: 0
  m_StaticEditorFlags: 0
  m_IsActive: 1
--- !u!4 &4389934739495704
Transform:
  m_CorrespondingSourceObject: {fileID: 0}
  m_PrefabInstance: {fileID: 100100000}
  m_PrefabAsset: {fileID: 0}
  m_GameObject: {fileID: 1701470074457182}
  m_LocalRotation: {x: -1.908793E-06, y: 1.076296E-06, z: -0.6900997, w: 0.7237143}
  m_LocalPosition: {x: -0.02647442, y: 0.08485442, z: -3.171908E-07}
  m_LocalScale: {x: 1, y: 1, z: 1}
  m_Children:
  - {fileID: 4162508781529576}
  - {fileID: 4613639051530518}
  - {fileID: 4298794266610782}
  - {fileID: 4512886020907998}
  m_Father: {fileID: 4763069156659202}
  m_RootOrder: 0
  m_LocalEulerAnglesHint: {x: -0.0002434122, y: 6.168767E-05, z: 87.27601}
--- !u!1 &1249595600660136
GameObject:
  m_CorrespondingSourceObject: {fileID: 0}
  m_PrefabInstance: {fileID: 100100000}
  m_PrefabAsset: {fileID: 0}
  serializedVersion: 5
  m_Component:
  - component: {fileID: 4162508781529576}
  - component: {fileID: 136957379873683663}
  - component: {fileID: 54168345037982233}
  m_Layer: 8
  m_Name: L Thigh
  m_TagString: Untagged
  m_Icon: {fileID: 0}
  m_NavMeshLayer: 0
  m_StaticEditorFlags: 0
  m_IsActive: 1
--- !u!4 &4162508781529576
Transform:
  m_CorrespondingSourceObject: {fileID: 0}
  m_PrefabInstance: {fileID: 100100000}
  m_PrefabAsset: {fileID: 0}
  m_GameObject: {fileID: 1249595600660136}
  m_LocalRotation: {x: -0.6356422, y: 0.7701352, z: -0.02346359, w: 0.04796144}
  m_LocalPosition: {x: 0.08601667, y: 0.02241146, z: 0.1173274}
  m_LocalScale: {x: 0.9999999, y: 0.9999994, z: 0.9999998}
  m_Children:
  - {fileID: 4079619617676909}
  m_Father: {fileID: 4389934739495704}
  m_RootOrder: 0
  m_LocalEulerAnglesHint: {x: -174.4216, y: -2.524392, z: 100.8069}
--- !u!136 &136957379873683663
CapsuleCollider:
  m_CorrespondingSourceObject: {fileID: 0}
  m_PrefabInstance: {fileID: 100100000}
  m_PrefabAsset: {fileID: 0}
  m_GameObject: {fileID: 1249595600660136}
  m_Material: {fileID: 0}
  m_IsTrigger: 0
  m_Enabled: 1
  m_Radius: 0.1100808
  m_Height: 0.366936
  m_Direction: 0
  m_Center: {x: -0.183468, y: 0.05, z: 0}
--- !u!54 &54168345037982233
Rigidbody:
  m_CorrespondingSourceObject: {fileID: 0}
  m_PrefabInstance: {fileID: 100100000}
  m_PrefabAsset: {fileID: 0}
  m_GameObject: {fileID: 1249595600660136}
  serializedVersion: 2
  m_Mass: 1.875
  m_Drag: 0
  m_AngularDrag: 0.05
  m_UseGravity: 1
  m_IsKinematic: 0
  m_Interpolate: 0
  m_Constraints: 0
  m_CollisionDetection: 0
--- !u!1 &1743620774389816
GameObject:
  m_CorrespondingSourceObject: {fileID: 0}
  m_PrefabInstance: {fileID: 100100000}
  m_PrefabAsset: {fileID: 0}
  serializedVersion: 5
  m_Component:
  - component: {fileID: 4079619617676909}
  m_Layer: 8
  m_Name: L Calf
  m_TagString: Untagged
  m_Icon: {fileID: 0}
  m_NavMeshLayer: 0
  m_StaticEditorFlags: 0
  m_IsActive: 1
--- !u!4 &4079619617676909
Transform:
  m_CorrespondingSourceObject: {fileID: 0}
  m_PrefabInstance: {fileID: 100100000}
  m_PrefabAsset: {fileID: 0}
  m_GameObject: {fileID: 1743620774389816}
  m_LocalRotation: {x: 1.228976E-08, y: 1.319533E-08, z: 0.4361137, w: 0.8998916}
  m_LocalPosition: {x: -0.2710548, y: -1.28746E-07, z: 2.95043E-08}
  m_LocalScale: {x: 1, y: 1, z: 0.9999998}
  m_Children:
  - {fileID: 4659617614670817}
  m_Father: {fileID: 4162508781529576}
  m_RootOrder: 0
  m_LocalEulerAnglesHint: {x: 1.926756E-06, y: -7.465217E-07, z: -51.71236}
--- !u!1 &1007057538012976
GameObject:
  m_CorrespondingSourceObject: {fileID: 0}
  m_PrefabInstance: {fileID: 100100000}
  m_PrefabAsset: {fileID: 0}
  serializedVersion: 5
  m_Component:
  - component: {fileID: 4659617614670817}
  - component: {fileID: 136512545184711851}
  - component: {fileID: 54593886112898266}
  m_Layer: 8
  m_Name: L HorseLink
  m_TagString: Untagged
  m_Icon: {fileID: 0}
  m_NavMeshLayer: 0
  m_StaticEditorFlags: 0
  m_IsActive: 1
--- !u!4 &4659617614670817
Transform:
  m_CorrespondingSourceObject: {fileID: 0}
  m_PrefabInstance: {fileID: 100100000}
  m_PrefabAsset: {fileID: 0}
  m_GameObject: {fileID: 1007057538012976}
  m_LocalRotation: {x: -3.617341E-08, y: -4.644835E-08, z: -0.5620669, w: 0.8270918}
  m_LocalPosition: {x: -0.1547448, y: 1.907349E-08, z: 3.576279E-09}
  m_LocalScale: {x: 1, y: 1, z: 1}
  m_Children:
  - {fileID: 4664308490336855}
  m_Father: {fileID: 4079619617676909}
  m_RootOrder: 0
  m_LocalEulerAnglesHint: {x: -4.367832E-07, y: 6.732131E-06, z: 68.39772}
--- !u!136 &136512545184711851
CapsuleCollider:
  m_CorrespondingSourceObject: {fileID: 0}
  m_PrefabInstance: {fileID: 100100000}
  m_PrefabAsset: {fileID: 0}
  m_GameObject: {fileID: 1007057538012976}
  m_Material: {fileID: 0}
  m_IsTrigger: 0
  m_Enabled: 1
  m_Radius: 0.04114944
  m_Height: 0.2828555
  m_Direction: 0
  m_Center: {x: -0.09669816, y: 0.04039634, z: -3.488365E-09}
--- !u!54 &54593886112898266
Rigidbody:
  m_CorrespondingSourceObject: {fileID: 0}
  m_PrefabInstance: {fileID: 100100000}
  m_PrefabAsset: {fileID: 0}
  m_GameObject: {fileID: 1007057538012976}
  serializedVersion: 2
  m_Mass: 1.875
  m_Drag: 0
  m_AngularDrag: 0.05
  m_UseGravity: 1
  m_IsKinematic: 0
  m_Interpolate: 0
  m_Constraints: 0
  m_CollisionDetection: 0
--- !u!1 &1233025403781599
GameObject:
  m_CorrespondingSourceObject: {fileID: 0}
  m_PrefabInstance: {fileID: 100100000}
  m_PrefabAsset: {fileID: 0}
  serializedVersion: 5
  m_Component:
  - component: {fileID: 4664308490336855}
  m_Layer: 8
  m_Name: L Foot
  m_TagString: Untagged
  m_Icon: {fileID: 0}
  m_NavMeshLayer: 0
  m_StaticEditorFlags: 0
  m_IsActive: 1
--- !u!4 &4664308490336855
Transform:
  m_CorrespondingSourceObject: {fileID: 0}
  m_PrefabInstance: {fileID: 100100000}
  m_PrefabAsset: {fileID: 0}
  m_GameObject: {fileID: 1233025403781599}
  m_LocalRotation: {x: -0.05824602, y: 0.01060857, z: 0.07388963, w: 0.9955075}
  m_LocalPosition: {x: -0.1563388, y: -3.099441E-08, z: 4.529953E-08}
  m_LocalScale: {x: 1, y: 1, z: 1}
  m_Children:
  - {fileID: 4555116777470506}
  m_Father: {fileID: 4659617614670817}
  m_RootOrder: 0
  m_LocalEulerAnglesHint: {x: -6.571992, y: -1.703619, z: -8.391951}
--- !u!1 &1262949803720047
GameObject:
  m_CorrespondingSourceObject: {fileID: 0}
  m_PrefabInstance: {fileID: 100100000}
  m_PrefabAsset: {fileID: 0}
  serializedVersion: 5
  m_Component:
  - component: {fileID: 4555116777470506}
  m_Layer: 8
  m_Name: L Foot_end
  m_TagString: Untagged
  m_Icon: {fileID: 0}
  m_NavMeshLayer: 0
  m_StaticEditorFlags: 0
  m_IsActive: 1
--- !u!4 &4555116777470506
Transform:
  m_CorrespondingSourceObject: {fileID: 0}
  m_PrefabInstance: {fileID: 100100000}
  m_PrefabAsset: {fileID: 0}
  m_GameObject: {fileID: 1262949803720047}
  m_LocalRotation: {x: 0, y: 0, z: 0, w: 1}
  m_LocalPosition: {x: 0, y: 0.1563387, z: 0}
  m_LocalScale: {x: 1, y: 1, z: 1}
  m_Children: []
  m_Father: {fileID: 4664308490336855}
  m_RootOrder: 0
  m_LocalEulerAnglesHint: {x: 0, y: 0, z: 0}
--- !u!1 &1908001091409066
GameObject:
  m_CorrespondingSourceObject: {fileID: 0}
  m_PrefabInstance: {fileID: 100100000}
  m_PrefabAsset: {fileID: 0}
  serializedVersion: 5
  m_Component:
  - component: {fileID: 4613639051530518}
  - component: {fileID: 136232252387888194}
  - component: {fileID: 54786736416437245}
  m_Layer: 8
  m_Name: R Thigh
  m_TagString: Untagged
  m_Icon: {fileID: 0}
  m_NavMeshLayer: 0
  m_StaticEditorFlags: 0
  m_IsActive: 1
--- !u!4 &4613639051530518
Transform:
  m_CorrespondingSourceObject: {fileID: 0}
  m_PrefabInstance: {fileID: 100100000}
  m_PrefabAsset: {fileID: 0}
  m_GameObject: {fileID: 1908001091409066}
  m_LocalRotation: {x: -0.6356422, y: 0.7701353, z: 0.02346512, w: -0.04795837}
  m_LocalPosition: {x: 0.08601677, y: 0.02241214, z: -0.1173268}
  m_LocalScale: {x: 1, y: 1, z: 0.9999999}
  m_Children:
  - {fileID: 4287832651674101}
  m_Father: {fileID: 4389934739495704}
  m_RootOrder: 1
  m_LocalEulerAnglesHint: {x: 174.4217, y: 2.524009, z: 100.8069}
--- !u!136 &136232252387888194
CapsuleCollider:
  m_CorrespondingSourceObject: {fileID: 0}
  m_PrefabInstance: {fileID: 100100000}
  m_PrefabAsset: {fileID: 0}
  m_GameObject: {fileID: 1908001091409066}
  m_Material: {fileID: 0}
  m_IsTrigger: 0
  m_Enabled: 1
  m_Radius: 0.1100809
  m_Height: 0.3669363
  m_Direction: 0
  m_Center: {x: -0.1834681, y: 0.05, z: 0}
--- !u!54 &54786736416437245
Rigidbody:
  m_CorrespondingSourceObject: {fileID: 0}
  m_PrefabInstance: {fileID: 100100000}
  m_PrefabAsset: {fileID: 0}
  m_GameObject: {fileID: 1908001091409066}
  serializedVersion: 2
  m_Mass: 1.875
  m_Drag: 0
  m_AngularDrag: 0.05
  m_UseGravity: 1
  m_IsKinematic: 0
  m_Interpolate: 0
  m_Constraints: 0
  m_CollisionDetection: 0
--- !u!1 &1254451053172862
GameObject:
  m_CorrespondingSourceObject: {fileID: 0}
  m_PrefabInstance: {fileID: 100100000}
  m_PrefabAsset: {fileID: 0}
  serializedVersion: 5
  m_Component:
  - component: {fileID: 4287832651674101}
  m_Layer: 8
  m_Name: R Calf
  m_TagString: Untagged
  m_Icon: {fileID: 0}
  m_NavMeshLayer: 0
  m_StaticEditorFlags: 0
  m_IsActive: 1
--- !u!4 &4287832651674101
Transform:
  m_CorrespondingSourceObject: {fileID: 0}
  m_PrefabInstance: {fileID: 100100000}
  m_PrefabAsset: {fileID: 0}
  m_GameObject: {fileID: 1254451053172862}
  m_LocalRotation: {x: -1.940489E-08, y: 4.13971E-08, z: 0.4361137, w: 0.8998916}
  m_LocalPosition: {x: -0.2710548, y: 1.239777E-07, z: -2.503395E-08}
  m_LocalScale: {x: 1, y: 1, z: 1}
  m_Children:
  - {fileID: 4588402821352159}
  m_Father: {fileID: 4613639051530518}
  m_RootOrder: 0
  m_LocalEulerAnglesHint: {x: 6.778593E-08, y: -5.238627E-06, z: -51.71236}
--- !u!1 &1702976077211404
GameObject:
  m_CorrespondingSourceObject: {fileID: 0}
  m_PrefabInstance: {fileID: 100100000}
  m_PrefabAsset: {fileID: 0}
  serializedVersion: 5
  m_Component:
  - component: {fileID: 4588402821352159}
  - component: {fileID: 136791067085094569}
  - component: {fileID: 54337482353992554}
  m_Layer: 8
  m_Name: R HorseLink
  m_TagString: Untagged
  m_Icon: {fileID: 0}
  m_NavMeshLayer: 0
  m_StaticEditorFlags: 0
  m_IsActive: 1
--- !u!4 &4588402821352159
Transform:
  m_CorrespondingSourceObject: {fileID: 0}
  m_PrefabInstance: {fileID: 100100000}
  m_PrefabAsset: {fileID: 0}
  m_GameObject: {fileID: 1702976077211404}
  m_LocalRotation: {x: -5.376749E-08, y: -7.769543E-08, z: -0.562067, w: 0.8270918}
  m_LocalPosition: {x: -0.1547447, y: 6.824732E-08, z: 3.695488E-08}
  m_LocalScale: {x: 1, y: 1, z: 1}
  m_Children:
  - {fileID: 4687583571633357}
  m_Father: {fileID: 4287832651674101}
  m_RootOrder: 0
  m_LocalEulerAnglesHint: {x: -9.174362E-08, y: 1.082686E-05, z: 68.39773}
--- !u!136 &136791067085094569
CapsuleCollider:
  m_CorrespondingSourceObject: {fileID: 0}
  m_PrefabInstance: {fileID: 100100000}
  m_PrefabAsset: {fileID: 0}
  m_GameObject: {fileID: 1702976077211404}
  m_Material: {fileID: 0}
  m_IsTrigger: 0
  m_Enabled: 1
  m_Radius: 0.04183633
  m_Height: 0.25327
  m_Direction: 0
  m_Center: {x: -0.1061292, y: 0.04212753, z: -7.005825E-10}
--- !u!54 &54337482353992554
Rigidbody:
  m_CorrespondingSourceObject: {fileID: 0}
  m_PrefabInstance: {fileID: 100100000}
  m_PrefabAsset: {fileID: 0}
  m_GameObject: {fileID: 1702976077211404}
  serializedVersion: 2
  m_Mass: 1.875
  m_Drag: 0
  m_AngularDrag: 0.05
  m_UseGravity: 1
  m_IsKinematic: 0
  m_Interpolate: 0
  m_Constraints: 0
  m_CollisionDetection: 0
--- !u!1 &1261158671911191
GameObject:
  m_CorrespondingSourceObject: {fileID: 0}
  m_PrefabInstance: {fileID: 100100000}
  m_PrefabAsset: {fileID: 0}
  serializedVersion: 5
  m_Component:
  - component: {fileID: 4687583571633357}
  m_Layer: 8
  m_Name: R Foot
  m_TagString: Untagged
  m_Icon: {fileID: 0}
  m_NavMeshLayer: 0
  m_StaticEditorFlags: 0
  m_IsActive: 1
--- !u!4 &4687583571633357
Transform:
  m_CorrespondingSourceObject: {fileID: 0}
  m_PrefabInstance: {fileID: 100100000}
  m_PrefabAsset: {fileID: 0}
  m_GameObject: {fileID: 1261158671911191}
  m_LocalRotation: {x: 0.05824606, y: -0.0106085, z: 0.07388972, w: 0.9955075}
  m_LocalPosition: {x: -0.1563388, y: -1.096725E-07, z: 1.311302E-08}
  m_LocalScale: {x: 1, y: 1, z: 1}
  m_Children:
  - {fileID: 4440348918880864}
  m_Father: {fileID: 4588402821352159}
  m_RootOrder: 0
  m_LocalEulerAnglesHint: {x: 6.571999, y: 1.703612, z: -8.391962}
--- !u!1 &1256353477435738
GameObject:
  m_CorrespondingSourceObject: {fileID: 0}
  m_PrefabInstance: {fileID: 100100000}
  m_PrefabAsset: {fileID: 0}
  serializedVersion: 5
  m_Component:
  - component: {fileID: 4440348918880864}
  m_Layer: 8
  m_Name: R Foot_end
  m_TagString: Untagged
  m_Icon: {fileID: 0}
  m_NavMeshLayer: 0
  m_StaticEditorFlags: 0
  m_IsActive: 1
--- !u!4 &4440348918880864
Transform:
  m_CorrespondingSourceObject: {fileID: 0}
  m_PrefabInstance: {fileID: 100100000}
  m_PrefabAsset: {fileID: 0}
  m_GameObject: {fileID: 1256353477435738}
  m_LocalRotation: {x: 0, y: 0, z: 0, w: 1}
  m_LocalPosition: {x: 0, y: 0.1563388, z: 0}
  m_LocalScale: {x: 1, y: 1, z: 1}
  m_Children: []
  m_Father: {fileID: 4687583571633357}
  m_RootOrder: 0
  m_LocalEulerAnglesHint: {x: 0, y: 0, z: 0}
--- !u!1 &1481809860292458
GameObject:
  m_CorrespondingSourceObject: {fileID: 0}
  m_PrefabInstance: {fileID: 100100000}
  m_PrefabAsset: {fileID: 0}
  serializedVersion: 5
  m_Component:
  - component: {fileID: 4298794266610782}
  m_Layer: 8
  m_Name: Spine1
  m_TagString: Untagged
  m_Icon: {fileID: 0}
  m_NavMeshLayer: 0
  m_StaticEditorFlags: 0
  m_IsActive: 1
--- !u!4 &4298794266610782
Transform:
  m_CorrespondingSourceObject: {fileID: 0}
  m_PrefabInstance: {fileID: 100100000}
  m_PrefabAsset: {fileID: 0}
  m_GameObject: {fileID: 1481809860292458}
  m_LocalRotation: {x: -6.158169E-08, y: -2.049937E-07, z: 0.03751523, w: 0.9992961}
  m_LocalPosition: {x: -0.1669091, y: -0.0001325226, z: 4.641318E-09}
  m_LocalScale: {x: 0.9999999, y: 1, z: 1}
  m_Children:
  - {fileID: 4917700966096351}
  m_Father: {fileID: 4389934739495704}
  m_RootOrder: 2
  m_LocalEulerAnglesHint: {x: -7.933028E-06, y: 2.320928E-05, z: -4.299937}
--- !u!1 &1430171884649438
GameObject:
  m_CorrespondingSourceObject: {fileID: 0}
  m_PrefabInstance: {fileID: 100100000}
  m_PrefabAsset: {fileID: 0}
  serializedVersion: 5
  m_Component:
  - component: {fileID: 4917700966096351}
  - component: {fileID: 65453416044148214}
  - component: {fileID: 54549293692581487}
  m_Layer: 8
  m_Name: Spine2
  m_TagString: Untagged
  m_Icon: {fileID: 0}
  m_NavMeshLayer: 0
  m_StaticEditorFlags: 0
  m_IsActive: 1
--- !u!4 &4917700966096351
Transform:
  m_CorrespondingSourceObject: {fileID: 0}
  m_PrefabInstance: {fileID: 100100000}
  m_PrefabAsset: {fileID: 0}
  m_GameObject: {fileID: 1430171884649438}
  m_LocalRotation: {x: -5.610838E-08, y: -1.45826E-07, z: 0.03751528, w: 0.9992961}
  m_LocalPosition: {x: -0.1669074, y: -0.0001533249, z: 4.210851E-09}
  m_LocalScale: {x: 0.9999999, y: 0.9999999, z: 1}
  m_Children:
  - {fileID: 4849727025987458}
  m_Father: {fileID: 4298794266610782}
  m_RootOrder: 0
  m_LocalEulerAnglesHint: {x: -7.051917E-06, y: 1.645746E-05, z: -4.299943}
--- !u!65 &65453416044148214
BoxCollider:
  m_CorrespondingSourceObject: {fileID: 0}
  m_PrefabInstance: {fileID: 100100000}
  m_PrefabAsset: {fileID: 0}
  m_GameObject: {fileID: 1430171884649438}
  m_Material: {fileID: 0}
  m_IsTrigger: 0
  m_Enabled: 1
  serializedVersion: 2
  m_Size: {x: 0.3399164, y: 0.245281, z: 0.2864693}
  m_Center: {x: -0.1699595, y: 0.00646083, z: 1.075108E-07}
--- !u!54 &54549293692581487
Rigidbody:
  m_CorrespondingSourceObject: {fileID: 0}
  m_PrefabInstance: {fileID: 100100000}
  m_PrefabAsset: {fileID: 0}
  m_GameObject: {fileID: 1430171884649438}
  serializedVersion: 2
  m_Mass: 3.125
  m_Drag: 0
  m_AngularDrag: 0.05
  m_UseGravity: 1
  m_IsKinematic: 0
  m_Interpolate: 0
  m_Constraints: 0
  m_CollisionDetection: 0
--- !u!1 &1171424156119139
GameObject:
  m_CorrespondingSourceObject: {fileID: 0}
  m_PrefabInstance: {fileID: 100100000}
  m_PrefabAsset: {fileID: 0}
  serializedVersion: 5
  m_Component:
  - component: {fileID: 4849727025987458}
  m_Layer: 8
  m_Name: Neck
  m_TagString: Untagged
  m_Icon: {fileID: 0}
  m_NavMeshLayer: 0
  m_StaticEditorFlags: 0
  m_IsActive: 1
--- !u!4 &4849727025987458
Transform:
  m_CorrespondingSourceObject: {fileID: 0}
  m_PrefabInstance: {fileID: 100100000}
  m_PrefabAsset: {fileID: 0}
  m_GameObject: {fileID: 1171424156119139}
  m_LocalRotation: {x: -3.145561E-07, y: -5.082874E-07, z: -0.02434159, w: 0.9997037}
  m_LocalPosition: {x: -0.1938124, y: 0.004264579, z: -8.942377E-08}
  m_LocalScale: {x: 0.9999999, y: 0.9999999, z: 1}
  m_Children:
  - {fileID: 4087591819041964}
  - {fileID: 4261476163688746}
  - {fileID: 4773420526544405}
  m_Father: {fileID: 4917700966096351}
  m_RootOrder: 0
  m_LocalEulerAnglesHint: {x: -3.461701E-05, y: 5.910559E-05, z: 2.789616}
--- !u!1 &1358992595335211
GameObject:
  m_CorrespondingSourceObject: {fileID: 0}
  m_PrefabInstance: {fileID: 100100000}
  m_PrefabAsset: {fileID: 0}
  serializedVersion: 5
  m_Component:
  - component: {fileID: 4087591819041964}
  - component: {fileID: 135690025219638831}
  - component: {fileID: 54125569970028365}
  m_Layer: 8
  m_Name: Head
  m_TagString: Untagged
  m_Icon: {fileID: 0}
  m_NavMeshLayer: 0
  m_StaticEditorFlags: 0
  m_IsActive: 1
--- !u!4 &4087591819041964
Transform:
  m_CorrespondingSourceObject: {fileID: 0}
  m_PrefabInstance: {fileID: 100100000}
  m_PrefabAsset: {fileID: 0}
  m_GameObject: {fileID: 1358992595335211}
  m_LocalRotation: {x: 7.051173E-07, y: -1.611467E-06, z: 0.6494424, w: 0.7604108}
  m_LocalPosition: {x: -0.2056847, y: -0.02933459, z: -9.911408E-08}
  m_LocalScale: {x: 1, y: 1, z: 1}
  m_Children:
  - {fileID: 4922889238162707}
  - {fileID: 4435889172009491}
  - {fileID: 4175984807369791}
  - {fileID: 4365806220623328}
  - {fileID: 4537000489184451}
  - {fileID: 4102514701241182}
  - {fileID: 4721050233214012}
  m_Father: {fileID: 4849727025987458}
  m_RootOrder: 0
  m_LocalEulerAnglesHint: {x: -5.848479E-05, y: 0.0001928931, z: -80.99915}
--- !u!135 &135690025219638831
SphereCollider:
  m_CorrespondingSourceObject: {fileID: 0}
  m_PrefabInstance: {fileID: 100100000}
  m_PrefabAsset: {fileID: 0}
  m_GameObject: {fileID: 1358992595335211}
  m_Material: {fileID: 0}
  m_IsTrigger: 0
  m_Enabled: 1
  serializedVersion: 2
  m_Radius: 0.14
  m_Center: {x: 0, y: 0.107426, z: 0}
--- !u!54 &54125569970028365
Rigidbody:
  m_CorrespondingSourceObject: {fileID: 0}
  m_PrefabInstance: {fileID: 100100000}
  m_PrefabAsset: {fileID: 0}
  m_GameObject: {fileID: 1358992595335211}
  serializedVersion: 2
  m_Mass: 1.25
  m_Drag: 0
  m_AngularDrag: 0.05
  m_UseGravity: 1
  m_IsKinematic: 0
  m_Interpolate: 0
  m_Constraints: 0
  m_CollisionDetection: 0
--- !u!1 &1706531554447184
GameObject:
  m_CorrespondingSourceObject: {fileID: 0}
  m_PrefabInstance: {fileID: 100100000}
  m_PrefabAsset: {fileID: 0}
  serializedVersion: 5
  m_Component:
  - component: {fileID: 4922889238162707}
  m_Layer: 8
  m_Name: Eye L
  m_TagString: Untagged
  m_Icon: {fileID: 0}
  m_NavMeshLayer: 0
  m_StaticEditorFlags: 0
  m_IsActive: 1
--- !u!4 &4922889238162707
Transform:
  m_CorrespondingSourceObject: {fileID: 0}
  m_PrefabInstance: {fileID: 100100000}
  m_PrefabAsset: {fileID: 0}
  m_GameObject: {fileID: 1706531554447184}
  m_LocalRotation: {x: 0.1358759, y: 0.04301014, z: -0.7450268, w: 0.6516309}
  m_LocalPosition: {x: -0.02323684, y: 0.1519845, z: 0.04548644}
  m_LocalScale: {x: 0.9999995, y: 1, z: 1}
  m_Children:
  - {fileID: 4802871007808542}
  m_Father: {fileID: 4087591819041964}
  m_RootOrder: 0
  m_LocalEulerAnglesHint: {x: 6.717301, y: -14.98202, z: 96.76719}
--- !u!1 &1985113224061912
GameObject:
  m_CorrespondingSourceObject: {fileID: 0}
  m_PrefabInstance: {fileID: 100100000}
  m_PrefabAsset: {fileID: 0}
  serializedVersion: 5
  m_Component:
  - component: {fileID: 4802871007808542}
  m_Layer: 8
  m_Name: Eye L_end
  m_TagString: Untagged
  m_Icon: {fileID: 0}
  m_NavMeshLayer: 0
  m_StaticEditorFlags: 0
  m_IsActive: 1
--- !u!4 &4802871007808542
Transform:
  m_CorrespondingSourceObject: {fileID: 0}
  m_PrefabInstance: {fileID: 100100000}
  m_PrefabAsset: {fileID: 0}
  m_GameObject: {fileID: 1985113224061912}
  m_LocalRotation: {x: 0, y: 0, z: 0, w: 1}
  m_LocalPosition: {x: 0, y: 0.1611919, z: 0}
  m_LocalScale: {x: 1, y: 1, z: 1}
  m_Children: []
  m_Father: {fileID: 4922889238162707}
  m_RootOrder: 0
  m_LocalEulerAnglesHint: {x: 0, y: 0, z: 0}
--- !u!1 &1094389654188672
GameObject:
  m_CorrespondingSourceObject: {fileID: 0}
  m_PrefabInstance: {fileID: 100100000}
  m_PrefabAsset: {fileID: 0}
  serializedVersion: 5
  m_Component:
  - component: {fileID: 4435889172009491}
  m_Layer: 8
  m_Name: Eye R
  m_TagString: Untagged
  m_Icon: {fileID: 0}
  m_NavMeshLayer: 0
  m_StaticEditorFlags: 0
  m_IsActive: 1
--- !u!4 &4435889172009491
Transform:
  m_CorrespondingSourceObject: {fileID: 0}
  m_PrefabInstance: {fileID: 100100000}
  m_PrefabAsset: {fileID: 0}
  m_GameObject: {fileID: 1094389654188672}
  m_LocalRotation: {x: -0.6516309, y: 0.7450269, z: -0.04300839, w: -0.1358759}
  m_LocalPosition: {x: -0.02323669, y: 0.1519849, z: -0.04549057}
  m_LocalScale: {x: 1, y: 1, z: 1}
  m_Children:
  - {fileID: 4236016768839528}
  m_Father: {fileID: 4087591819041964}
  m_RootOrder: 1
  m_LocalEulerAnglesHint: {x: 173.2825, y: 14.98188, z: 96.76718}
--- !u!1 &1170666765618884
GameObject:
  m_CorrespondingSourceObject: {fileID: 0}
  m_PrefabInstance: {fileID: 100100000}
  m_PrefabAsset: {fileID: 0}
  serializedVersion: 5
  m_Component:
  - component: {fileID: 4236016768839528}
  m_Layer: 8
  m_Name: Eye R_end
  m_TagString: Untagged
  m_Icon: {fileID: 0}
  m_NavMeshLayer: 0
  m_StaticEditorFlags: 0
  m_IsActive: 1
--- !u!4 &4236016768839528
Transform:
  m_CorrespondingSourceObject: {fileID: 0}
  m_PrefabInstance: {fileID: 100100000}
  m_PrefabAsset: {fileID: 0}
  m_GameObject: {fileID: 1170666765618884}
  m_LocalRotation: {x: 0, y: 0, z: 0, w: 1}
  m_LocalPosition: {x: 0, y: 0.1611919, z: 0}
  m_LocalScale: {x: 1, y: 1, z: 1}
  m_Children: []
  m_Father: {fileID: 4435889172009491}
  m_RootOrder: 0
  m_LocalEulerAnglesHint: {x: 0, y: 0, z: 0}
--- !u!1 &1145462529604033
GameObject:
  m_CorrespondingSourceObject: {fileID: 0}
  m_PrefabInstance: {fileID: 100100000}
  m_PrefabAsset: {fileID: 0}
  serializedVersion: 5
  m_Component:
  - component: {fileID: 4175984807369791}
  m_Layer: 8
  m_Name: Jaw
  m_TagString: Untagged
  m_Icon: {fileID: 0}
  m_NavMeshLayer: 0
  m_StaticEditorFlags: 0
  m_IsActive: 1
--- !u!4 &4175984807369791
Transform:
  m_CorrespondingSourceObject: {fileID: 0}
  m_PrefabInstance: {fileID: 100100000}
  m_PrefabAsset: {fileID: 0}
  m_GameObject: {fileID: 1145462529604033}
  m_LocalRotation: {x: 1.279415E-06, y: 3.480214E-06, z: -0.7746044, w: 0.6324461}
  m_LocalPosition: {x: 0.07991396, y: 0.08306559, z: 4.705421E-07}
  m_LocalScale: {x: 1, y: 1, z: 1}
  m_Children:
  - {fileID: 4610679288153721}
  m_Father: {fileID: 4087591819041964}
  m_RootOrder: 2
  m_LocalEulerAnglesHint: {x: -0.0002161917, y: -0.0003657863, z: 101.5384}
--- !u!1 &1843375948381491
GameObject:
  m_CorrespondingSourceObject: {fileID: 0}
  m_PrefabInstance: {fileID: 100100000}
  m_PrefabAsset: {fileID: 0}
  serializedVersion: 5
  m_Component:
  - component: {fileID: 4610679288153721}
  m_Layer: 8
  m_Name: Tongue
  m_TagString: Untagged
  m_Icon: {fileID: 0}
  m_NavMeshLayer: 0
  m_StaticEditorFlags: 0
  m_IsActive: 1
--- !u!4 &4610679288153721
Transform:
  m_CorrespondingSourceObject: {fileID: 0}
  m_PrefabInstance: {fileID: 100100000}
  m_PrefabAsset: {fileID: 0}
  m_GameObject: {fileID: 1843375948381491}
  m_LocalRotation: {x: 2.282231E-07, y: -2.055018E-06, z: 0.006505418, w: 0.9999788}
  m_LocalPosition: {x: -0.07002892, y: -0.0204819, z: -7.753662E-07}
  m_LocalScale: {x: 1, y: 1, z: 1}
  m_Children:
  - {fileID: 4966668971727064}
  m_Father: {fileID: 4175984807369791}
  m_RootOrder: 0
  m_LocalEulerAnglesHint: {x: 2.461994E-05, y: 0.0002356529, z: -0.7454712}
--- !u!1 &1783713914132403
GameObject:
  m_CorrespondingSourceObject: {fileID: 0}
  m_PrefabInstance: {fileID: 100100000}
  m_PrefabAsset: {fileID: 0}
  serializedVersion: 5
  m_Component:
  - component: {fileID: 4966668971727064}
  m_Layer: 8
  m_Name: Tongue_end
  m_TagString: Untagged
  m_Icon: {fileID: 0}
  m_NavMeshLayer: 0
  m_StaticEditorFlags: 0
  m_IsActive: 1
--- !u!4 &4966668971727064
Transform:
  m_CorrespondingSourceObject: {fileID: 0}
  m_PrefabInstance: {fileID: 100100000}
  m_PrefabAsset: {fileID: 0}
  m_GameObject: {fileID: 1783713914132403}
  m_LocalRotation: {x: 0, y: 0, z: 0, w: 1}
  m_LocalPosition: {x: 0, y: 0.07296259, z: 0}
  m_LocalScale: {x: 1, y: 1, z: 1}
  m_Children: []
  m_Father: {fileID: 4610679288153721}
  m_RootOrder: 0
  m_LocalEulerAnglesHint: {x: 0, y: 0, z: 0}
--- !u!1 &1714214300661358
GameObject:
  m_CorrespondingSourceObject: {fileID: 0}
  m_PrefabInstance: {fileID: 100100000}
  m_PrefabAsset: {fileID: 0}
  serializedVersion: 5
  m_Component:
  - component: {fileID: 4365806220623328}
  m_Layer: 8
  m_Name: L Cheek
  m_TagString: Untagged
  m_Icon: {fileID: 0}
  m_NavMeshLayer: 0
  m_StaticEditorFlags: 0
  m_IsActive: 1
--- !u!4 &4365806220623328
Transform:
  m_CorrespondingSourceObject: {fileID: 0}
  m_PrefabInstance: {fileID: 100100000}
  m_PrefabAsset: {fileID: 0}
  m_GameObject: {fileID: 1714214300661358}
  m_LocalRotation: {x: -0.000221008, y: 0.5560883, z: -0.0003299431, w: 0.8311231}
  m_LocalPosition: {x: 0.05686745, y: 0.2218378, z: -2.624494E-07}
  m_LocalScale: {x: 0.9999998, y: 0.9999999, z: 0.9999997}
  m_Children:
  - {fileID: 4682346301525203}
  m_Father: {fileID: 4087591819041964}
  m_RootOrder: 3
  m_LocalEulerAnglesHint: {x: -0.1102757, y: -67.57138, z: 0.1192744}
--- !u!1 &1407535916648645
GameObject:
  m_CorrespondingSourceObject: {fileID: 0}
  m_PrefabInstance: {fileID: 100100000}
  m_PrefabAsset: {fileID: 0}
  serializedVersion: 5
  m_Component:
  - component: {fileID: 4682346301525203}
  m_Layer: 8
  m_Name: L Cheek_end
  m_TagString: Untagged
  m_Icon: {fileID: 0}
  m_NavMeshLayer: 0
  m_StaticEditorFlags: 0
  m_IsActive: 1
--- !u!4 &4682346301525203
Transform:
  m_CorrespondingSourceObject: {fileID: 0}
  m_PrefabInstance: {fileID: 100100000}
  m_PrefabAsset: {fileID: 0}
  m_GameObject: {fileID: 1407535916648645}
  m_LocalRotation: {x: 0, y: 0, z: 0, w: 1}
  m_LocalPosition: {x: 0, y: 0.1611919, z: 0}
  m_LocalScale: {x: 1, y: 1, z: 1}
  m_Children: []
  m_Father: {fileID: 4365806220623328}
  m_RootOrder: 0
  m_LocalEulerAnglesHint: {x: 0, y: 0, z: 0}
--- !u!1 &1433024608835933
GameObject:
  m_CorrespondingSourceObject: {fileID: 0}
  m_PrefabInstance: {fileID: 100100000}
  m_PrefabAsset: {fileID: 0}
  serializedVersion: 5
  m_Component:
  - component: {fileID: 4537000489184451}
  m_Layer: 8
  m_Name: L Ear
  m_TagString: Untagged
  m_Icon: {fileID: 0}
  m_NavMeshLayer: 0
  m_StaticEditorFlags: 0
  m_IsActive: 1
--- !u!4 &4537000489184451
Transform:
  m_CorrespondingSourceObject: {fileID: 0}
  m_PrefabInstance: {fileID: 100100000}
  m_PrefabAsset: {fileID: 0}
  m_GameObject: {fileID: 1433024608835933}
  m_LocalRotation: {x: -0.5022904, y: 0.2755812, z: 0.08899286, w: 0.8147635}
  m_LocalPosition: {x: -0.08658576, y: 0.03249126, z: 0.07197628}
  m_LocalScale: {x: 1, y: 1, z: 1}
  m_Children:
  - {fileID: 4092428103189869}
  m_Father: {fileID: 4087591819041964}
  m_RootOrder: 4
  m_LocalEulerAnglesHint: {x: -65.94166, y: -32.57938, z: 9.000579}
--- !u!1 &1303470065328386
GameObject:
  m_CorrespondingSourceObject: {fileID: 0}
  m_PrefabInstance: {fileID: 100100000}
  m_PrefabAsset: {fileID: 0}
  serializedVersion: 5
  m_Component:
  - component: {fileID: 4092428103189869}
  m_Layer: 8
  m_Name: L Ear_end
  m_TagString: Untagged
  m_Icon: {fileID: 0}
  m_NavMeshLayer: 0
  m_StaticEditorFlags: 0
  m_IsActive: 1
--- !u!4 &4092428103189869
Transform:
  m_CorrespondingSourceObject: {fileID: 0}
  m_PrefabInstance: {fileID: 100100000}
  m_PrefabAsset: {fileID: 0}
  m_GameObject: {fileID: 1303470065328386}
  m_LocalRotation: {x: 0, y: 0, z: 0, w: 1}
  m_LocalPosition: {x: 0, y: 0.1611919, z: 0}
  m_LocalScale: {x: 1, y: 1, z: 1}
  m_Children: []
  m_Father: {fileID: 4537000489184451}
  m_RootOrder: 0
  m_LocalEulerAnglesHint: {x: 0, y: 0, z: 0}
--- !u!1 &1196806063091795
GameObject:
  m_CorrespondingSourceObject: {fileID: 0}
  m_PrefabInstance: {fileID: 100100000}
  m_PrefabAsset: {fileID: 0}
  serializedVersion: 5
  m_Component:
  - component: {fileID: 4102514701241182}
  m_Layer: 8
  m_Name: R Cheek
  m_TagString: Untagged
  m_Icon: {fileID: 0}
  m_NavMeshLayer: 0
  m_StaticEditorFlags: 0
  m_IsActive: 1
--- !u!4 &4102514701241182
Transform:
  m_CorrespondingSourceObject: {fileID: 0}
  m_PrefabInstance: {fileID: 100100000}
  m_PrefabAsset: {fileID: 0}
  m_GameObject: {fileID: 1196806063091795}
  m_LocalRotation: {x: 0.0002210032, y: -0.5560883, z: -0.0003330359, w: 0.8311231}
  m_LocalPosition: {x: 0.05686746, y: 0.2218378, z: 1.496058E-06}
  m_LocalScale: {x: 0.9999999, y: 0.9999999, z: 0.9999999}
  m_Children:
  - {fileID: 4122751528332508}
  m_Father: {fileID: 4087591819041964}
  m_RootOrder: 5
  m_LocalEulerAnglesHint: {x: 0.1107911, y: 67.57138, z: 0.1200456}
--- !u!1 &1969176502056886
GameObject:
  m_CorrespondingSourceObject: {fileID: 0}
  m_PrefabInstance: {fileID: 100100000}
  m_PrefabAsset: {fileID: 0}
  serializedVersion: 5
  m_Component:
  - component: {fileID: 4122751528332508}
  m_Layer: 8
  m_Name: R Cheek_end
  m_TagString: Untagged
  m_Icon: {fileID: 0}
  m_NavMeshLayer: 0
  m_StaticEditorFlags: 0
  m_IsActive: 1
--- !u!4 &4122751528332508
Transform:
  m_CorrespondingSourceObject: {fileID: 0}
  m_PrefabInstance: {fileID: 100100000}
  m_PrefabAsset: {fileID: 0}
  m_GameObject: {fileID: 1969176502056886}
  m_LocalRotation: {x: 0, y: 0, z: 0, w: 1}
  m_LocalPosition: {x: 0, y: 0.1611919, z: 0}
  m_LocalScale: {x: 1, y: 1, z: 1}
  m_Children: []
  m_Father: {fileID: 4102514701241182}
  m_RootOrder: 0
  m_LocalEulerAnglesHint: {x: 0, y: 0, z: 0}
--- !u!1 &1900830323081578
GameObject:
  m_CorrespondingSourceObject: {fileID: 0}
  m_PrefabInstance: {fileID: 100100000}
  m_PrefabAsset: {fileID: 0}
  serializedVersion: 5
  m_Component:
  - component: {fileID: 4721050233214012}
  m_Layer: 8
  m_Name: R Ear
  m_TagString: Untagged
  m_Icon: {fileID: 0}
  m_NavMeshLayer: 0
  m_StaticEditorFlags: 0
  m_IsActive: 1
--- !u!4 &4721050233214012
Transform:
  m_CorrespondingSourceObject: {fileID: 0}
  m_PrefabInstance: {fileID: 100100000}
  m_PrefabAsset: {fileID: 0}
  m_GameObject: {fileID: 1900830323081578}
  m_LocalRotation: {x: 0.5022898, y: -0.2755817, z: 0.08899149, w: 0.8147638}
  m_LocalPosition: {x: -0.08658567, y: 0.03249166, z: -0.0719761}
  m_LocalScale: {x: 0.9999999, y: 0.9999999, z: 0.9999999}
  m_Children:
  - {fileID: 4199676939467124}
  m_Father: {fileID: 4087591819041964}
  m_RootOrder: 6
  m_LocalEulerAnglesHint: {x: 65.94163, y: 32.57935, z: 9.000741}
--- !u!1 &1181467982032406
GameObject:
  m_CorrespondingSourceObject: {fileID: 0}
  m_PrefabInstance: {fileID: 100100000}
  m_PrefabAsset: {fileID: 0}
  serializedVersion: 5
  m_Component:
  - component: {fileID: 4199676939467124}
  m_Layer: 8
  m_Name: R Ear_end
  m_TagString: Untagged
  m_Icon: {fileID: 0}
  m_NavMeshLayer: 0
  m_StaticEditorFlags: 0
  m_IsActive: 1
--- !u!4 &4199676939467124
Transform:
  m_CorrespondingSourceObject: {fileID: 0}
  m_PrefabInstance: {fileID: 100100000}
  m_PrefabAsset: {fileID: 0}
  m_GameObject: {fileID: 1181467982032406}
  m_LocalRotation: {x: 0, y: 0, z: 0, w: 1}
  m_LocalPosition: {x: 0, y: 0.1611919, z: 0}
  m_LocalScale: {x: 1, y: 1, z: 1}
  m_Children: []
  m_Father: {fileID: 4721050233214012}
  m_RootOrder: 0
  m_LocalEulerAnglesHint: {x: 0, y: 0, z: 0}
--- !u!1 &1052825712119107
GameObject:
  m_CorrespondingSourceObject: {fileID: 0}
  m_PrefabInstance: {fileID: 100100000}
  m_PrefabAsset: {fileID: 0}
  serializedVersion: 5
  m_Component:
  - component: {fileID: 4261476163688746}
  m_Layer: 8
  m_Name: L Clavicle
  m_TagString: Untagged
  m_Icon: {fileID: 0}
  m_NavMeshLayer: 0
  m_StaticEditorFlags: 0
  m_IsActive: 1
--- !u!4 &4261476163688746
Transform:
  m_CorrespondingSourceObject: {fileID: 0}
  m_PrefabInstance: {fileID: 100100000}
  m_PrefabAsset: {fileID: 0}
  m_GameObject: {fileID: 1052825712119107}
  m_LocalRotation: {x: -0.6966504, y: -0.03898153, z: 0.7163427, w: 0.003447731}
  m_LocalPosition: {x: 0.1170215, y: 0.05099573, z: -3.555311E-07}
  m_LocalScale: {x: 0.999994, y: 1, z: 0.999991}
  m_Children:
  - {fileID: 4470040364118050}
  m_Father: {fileID: 4849727025987458}
  m_RootOrder: 1
  m_LocalEulerAnglesHint: {x: -66.54361, y: -86.20909, z: -116.3376}
--- !u!1 &1949991297658284
GameObject:
  m_CorrespondingSourceObject: {fileID: 0}
  m_PrefabInstance: {fileID: 100100000}
  m_PrefabAsset: {fileID: 0}
  serializedVersion: 5
  m_Component:
  - component: {fileID: 4470040364118050}
  - component: {fileID: 136212678461485432}
  - component: {fileID: 54438294543750131}
  m_Layer: 8
  m_Name: L UpperArm
  m_TagString: Untagged
  m_Icon: {fileID: 0}
  m_NavMeshLayer: 0
  m_StaticEditorFlags: 0
  m_IsActive: 1
--- !u!4 &4470040364118050
Transform:
  m_CorrespondingSourceObject: {fileID: 0}
  m_PrefabInstance: {fileID: 100100000}
  m_PrefabAsset: {fileID: 0}
  m_GameObject: {fileID: 1949991297658284}
  m_LocalRotation: {x: -0.3644341, y: -0.5901576, z: 0.4159844, w: 0.5880976}
  m_LocalPosition: {x: -0.14355, y: 6.258487E-08, z: 2.184212E-06}
  m_LocalScale: {x: 0.9999999, y: 1, z: 0.9999999}
  m_Children:
  - {fileID: 4909354774746816}
  m_Father: {fileID: 4261476163688746}
  m_RootOrder: 0
  m_LocalEulerAnglesHint: {x: -87.64606, y: 23.01317, z: -92.65641}
--- !u!136 &136212678461485432
CapsuleCollider:
  m_CorrespondingSourceObject: {fileID: 0}
  m_PrefabInstance: {fileID: 100100000}
  m_PrefabAsset: {fileID: 0}
  m_GameObject: {fileID: 1949991297658284}
  m_Material: {fileID: 0}
  m_IsTrigger: 0
  m_Enabled: 1
  m_Radius: 0.07378483
  m_Height: 0.2951393
  m_Direction: 0
  m_Center: {x: -0.1475697, y: 0, z: 0}
--- !u!54 &54438294543750131
Rigidbody:
  m_CorrespondingSourceObject: {fileID: 0}
  m_PrefabInstance: {fileID: 100100000}
  m_PrefabAsset: {fileID: 0}
  m_GameObject: {fileID: 1949991297658284}
  serializedVersion: 2
  m_Mass: 1.25
  m_Drag: 0
  m_AngularDrag: 0.05
  m_UseGravity: 1
  m_IsKinematic: 0
  m_Interpolate: 0
  m_Constraints: 0
  m_CollisionDetection: 0
--- !u!1 &1633969396189497
GameObject:
  m_CorrespondingSourceObject: {fileID: 0}
  m_PrefabInstance: {fileID: 100100000}
  m_PrefabAsset: {fileID: 0}
  serializedVersion: 5
  m_Component:
  - component: {fileID: 4909354774746816}
  - component: {fileID: 136739529172773268}
  - component: {fileID: 54954121696300492}
  m_Layer: 8
  m_Name: L Forearm
  m_TagString: Untagged
  m_Icon: {fileID: 0}
  m_NavMeshLayer: 0
  m_StaticEditorFlags: 0
  m_IsActive: 1
--- !u!4 &4909354774746816
Transform:
  m_CorrespondingSourceObject: {fileID: 0}
  m_PrefabInstance: {fileID: 100100000}
  m_PrefabAsset: {fileID: 0}
  m_GameObject: {fileID: 1633969396189497}
  m_LocalRotation: {x: -1.930118E-07, y: 1.384912E-06, z: 0.1519031, w: 0.9883954}
  m_LocalPosition: {x: -0.2951474, y: 2.051145E-06, z: -2.998859E-08}
  m_LocalScale: {x: 0.9999998, y: 1, z: 0.9999999}
  m_Children:
  - {fileID: 4487361456503133}
  m_Father: {fileID: 4470040364118050}
  m_RootOrder: 0
  m_LocalEulerAnglesHint: {x: 2.246049E-06, y: -0.0001602173, z: -17.47446}
--- !u!136 &136739529172773268
CapsuleCollider:
  m_CorrespondingSourceObject: {fileID: 0}
  m_PrefabInstance: {fileID: 100100000}
  m_PrefabAsset: {fileID: 0}
  m_GameObject: {fileID: 1633969396189497}
  m_Material: {fileID: 0}
  m_IsTrigger: 0
  m_Enabled: 1
  m_Radius: 0.04951265
  m_Height: 0.2475632
  m_Direction: 0
  m_Center: {x: -0.1237816, y: 0, z: 0}
--- !u!54 &54954121696300492
Rigidbody:
  m_CorrespondingSourceObject: {fileID: 0}
  m_PrefabInstance: {fileID: 100100000}
  m_PrefabAsset: {fileID: 0}
  m_GameObject: {fileID: 1633969396189497}
  serializedVersion: 2
  m_Mass: 1.25
  m_Drag: 0
  m_AngularDrag: 0.05
  m_UseGravity: 1
  m_IsKinematic: 0
  m_Interpolate: 0
  m_Constraints: 0
  m_CollisionDetection: 0
--- !u!1 &1480804093591169
GameObject:
  m_CorrespondingSourceObject: {fileID: 0}
  m_PrefabInstance: {fileID: 100100000}
  m_PrefabAsset: {fileID: 0}
  serializedVersion: 5
  m_Component:
  - component: {fileID: 4487361456503133}
  m_Layer: 8
  m_Name: L Hand
  m_TagString: Untagged
  m_Icon: {fileID: 0}
  m_NavMeshLayer: 0
  m_StaticEditorFlags: 0
  m_IsActive: 1
--- !u!4 &4487361456503133
Transform:
  m_CorrespondingSourceObject: {fileID: 0}
  m_PrefabInstance: {fileID: 100100000}
  m_PrefabAsset: {fileID: 0}
  m_GameObject: {fileID: 1480804093591169}
  m_LocalRotation: {x: -0.03479692, y: 0.001509245, z: -0.05151176, w: 0.9980649}
  m_LocalPosition: {x: -0.2475567, y: 9.87798E-07, z: -7.197633E-07}
  m_LocalScale: {x: 1, y: 0.9999999, z: 0.9999999}
  m_Children:
  - {fileID: 4856285986270245}
  m_Father: {fileID: 4909354774746816}
  m_RootOrder: 0
  m_LocalEulerAnglesHint: {x: -3.991855, y: 0.0327877, z: 5.907872}
--- !u!1 &1917809915844647
GameObject:
  m_CorrespondingSourceObject: {fileID: 0}
  m_PrefabInstance: {fileID: 100100000}
  m_PrefabAsset: {fileID: 0}
  serializedVersion: 5
  m_Component:
  - component: {fileID: 4856285986270245}
  m_Layer: 8
  m_Name: L Hand_end
  m_TagString: Untagged
  m_Icon: {fileID: 0}
  m_NavMeshLayer: 0
  m_StaticEditorFlags: 0
  m_IsActive: 1
--- !u!4 &4856285986270245
Transform:
  m_CorrespondingSourceObject: {fileID: 0}
  m_PrefabInstance: {fileID: 100100000}
  m_PrefabAsset: {fileID: 0}
  m_GameObject: {fileID: 1917809915844647}
  m_LocalRotation: {x: 0, y: 0, z: 0, w: 1}
  m_LocalPosition: {x: 0, y: 0.2475566, z: 0}
  m_LocalScale: {x: 1, y: 1, z: 1}
  m_Children: []
  m_Father: {fileID: 4487361456503133}
  m_RootOrder: 0
  m_LocalEulerAnglesHint: {x: 0, y: 0, z: 0}
--- !u!1 &1299853675239997
GameObject:
  m_CorrespondingSourceObject: {fileID: 0}
  m_PrefabInstance: {fileID: 100100000}
  m_PrefabAsset: {fileID: 0}
  serializedVersion: 5
  m_Component:
  - component: {fileID: 4773420526544405}
  m_Layer: 8
  m_Name: R Clavicle
  m_TagString: Untagged
  m_Icon: {fileID: 0}
  m_NavMeshLayer: 0
  m_StaticEditorFlags: 0
  m_IsActive: 1
--- !u!4 &4773420526544405
Transform:
  m_CorrespondingSourceObject: {fileID: 0}
  m_PrefabInstance: {fileID: 100100000}
  m_PrefabAsset: {fileID: 0}
  m_GameObject: {fileID: 1299853675239997}
  m_LocalRotation: {x: 0.6966519, y: 0.0389801, z: 0.7163413, w: 0.003444692}
  m_LocalPosition: {x: 0.1170215, y: 0.05099573, z: 6.160842E-07}
  m_LocalScale: {x: 0.9999959, y: 1, z: 0.9999937}
  m_Children:
  - {fileID: 4707520243213999}
  m_Father: {fileID: 4849727025987458}
  m_RootOrder: 2
  m_LocalEulerAnglesHint: {x: 66.54466, y: 86.20952, z: -116.3366}
--- !u!1 &1179320206551858
GameObject:
  m_CorrespondingSourceObject: {fileID: 0}
  m_PrefabInstance: {fileID: 100100000}
  m_PrefabAsset: {fileID: 0}
  serializedVersion: 5
  m_Component:
  - component: {fileID: 4707520243213999}
  - component: {fileID: 136643170021944069}
  - component: {fileID: 54270016366735850}
  m_Layer: 8
  m_Name: R UpperArm
  m_TagString: Untagged
  m_Icon: {fileID: 0}
  m_NavMeshLayer: 0
  m_StaticEditorFlags: 0
  m_IsActive: 1
--- !u!4 &4707520243213999
Transform:
  m_CorrespondingSourceObject: {fileID: 0}
  m_PrefabInstance: {fileID: 100100000}
  m_PrefabAsset: {fileID: 0}
  m_GameObject: {fileID: 1179320206551858}
  m_LocalRotation: {x: 0.3644337, y: 0.5901577, z: 0.4159842, w: 0.5880979}
  m_LocalPosition: {x: -0.1435497, y: 4.529953E-08, z: -1.437664E-06}
  m_LocalScale: {x: 0.9999999, y: 0.9999996, z: 0.9999998}
  m_Children:
  - {fileID: 4113049526755961}
  m_Father: {fileID: 4773420526544405}
  m_RootOrder: 0
  m_LocalEulerAnglesHint: {x: 87.64605, y: -23.01323, z: -92.65642}
--- !u!136 &136643170021944069
CapsuleCollider:
  m_CorrespondingSourceObject: {fileID: 0}
  m_PrefabInstance: {fileID: 100100000}
  m_PrefabAsset: {fileID: 0}
  m_GameObject: {fileID: 1179320206551858}
  m_Material: {fileID: 0}
  m_IsTrigger: 0
  m_Enabled: 1
  m_Radius: 0.07378487
  m_Height: 0.2951395
  m_Direction: 0
  m_Center: {x: -0.1475697, y: 0, z: 0}
--- !u!54 &54270016366735850
Rigidbody:
  m_CorrespondingSourceObject: {fileID: 0}
  m_PrefabInstance: {fileID: 100100000}
  m_PrefabAsset: {fileID: 0}
  m_GameObject: {fileID: 1179320206551858}
  serializedVersion: 2
  m_Mass: 1.25
  m_Drag: 0
  m_AngularDrag: 0.05
  m_UseGravity: 1
  m_IsKinematic: 0
  m_Interpolate: 0
  m_Constraints: 0
  m_CollisionDetection: 0
--- !u!1 &1270822935081323
GameObject:
  m_CorrespondingSourceObject: {fileID: 0}
  m_PrefabInstance: {fileID: 100100000}
  m_PrefabAsset: {fileID: 0}
  serializedVersion: 5
  m_Component:
  - component: {fileID: 4113049526755961}
  - component: {fileID: 136770653805451416}
  - component: {fileID: 54298567893576556}
  m_Layer: 8
  m_Name: R Forearm
  m_TagString: Untagged
  m_Icon: {fileID: 0}
  m_NavMeshLayer: 0
  m_StaticEditorFlags: 0
  m_IsActive: 1
--- !u!4 &4113049526755961
Transform:
  m_CorrespondingSourceObject: {fileID: 0}
  m_PrefabInstance: {fileID: 100100000}
  m_PrefabAsset: {fileID: 0}
  m_GameObject: {fileID: 1270822935081323}
  m_LocalRotation: {x: 1.452769E-07, y: -9.957453E-07, z: 0.1519033, w: 0.9883954}
  m_LocalPosition: {x: -0.2951473, y: 1.327246E-06, z: 2.958812E-08}
  m_LocalScale: {x: 0.9999997, y: 0.9999996, z: 0.9999998}
  m_Children:
  - {fileID: 4992617609217995}
  m_Father: {fileID: 4707520243213999}
  m_RootOrder: 0
  m_LocalEulerAnglesHint: {x: -8.784579E-07, y: 0.0001153087, z: -17.47449}
--- !u!136 &136770653805451416
CapsuleCollider:
  m_CorrespondingSourceObject: {fileID: 0}
  m_PrefabInstance: {fileID: 100100000}
  m_PrefabAsset: {fileID: 0}
  m_GameObject: {fileID: 1270822935081323}
  m_Material: {fileID: 0}
  m_IsTrigger: 0
  m_Enabled: 1
  m_Radius: 0.04951268
  m_Height: 0.2475634
  m_Direction: 0
  m_Center: {x: -0.1237817, y: 0, z: 0}
--- !u!54 &54298567893576556
Rigidbody:
  m_CorrespondingSourceObject: {fileID: 0}
  m_PrefabInstance: {fileID: 100100000}
  m_PrefabAsset: {fileID: 0}
  m_GameObject: {fileID: 1270822935081323}
  serializedVersion: 2
  m_Mass: 1.25
  m_Drag: 0
  m_AngularDrag: 0.05
  m_UseGravity: 1
  m_IsKinematic: 0
  m_Interpolate: 0
  m_Constraints: 0
  m_CollisionDetection: 0
--- !u!1 &1260502662636417
GameObject:
  m_CorrespondingSourceObject: {fileID: 0}
  m_PrefabInstance: {fileID: 100100000}
  m_PrefabAsset: {fileID: 0}
  serializedVersion: 5
  m_Component:
  - component: {fileID: 4992617609217995}
  m_Layer: 8
  m_Name: R Hand
  m_TagString: Untagged
  m_Icon: {fileID: 0}
  m_NavMeshLayer: 0
  m_StaticEditorFlags: 0
  m_IsActive: 1
--- !u!4 &4992617609217995
Transform:
  m_CorrespondingSourceObject: {fileID: 0}
  m_PrefabInstance: {fileID: 100100000}
  m_PrefabAsset: {fileID: 0}
  m_GameObject: {fileID: 1260502662636417}
  m_LocalRotation: {x: 0.03479696, y: -0.001509035, z: -0.05151169, w: 0.9980649}
  m_LocalPosition: {x: -0.2475566, y: 6.113946E-07, z: 5.044975E-07}
  m_LocalScale: {x: 1, y: 1, z: 0.9999999}
  m_Children:
  - {fileID: 4926905411627352}
  m_Father: {fileID: 4113049526755961}
  m_RootOrder: 0
  m_LocalEulerAnglesHint: {x: 3.991858, y: -0.03281154, z: 5.907862}
--- !u!1 &1579201059476517
GameObject:
  m_CorrespondingSourceObject: {fileID: 0}
  m_PrefabInstance: {fileID: 100100000}
  m_PrefabAsset: {fileID: 0}
  serializedVersion: 5
  m_Component:
  - component: {fileID: 4926905411627352}
  m_Layer: 8
  m_Name: R Hand_end
  m_TagString: Untagged
  m_Icon: {fileID: 0}
  m_NavMeshLayer: 0
  m_StaticEditorFlags: 0
  m_IsActive: 1
--- !u!4 &4926905411627352
Transform:
  m_CorrespondingSourceObject: {fileID: 0}
  m_PrefabInstance: {fileID: 100100000}
  m_PrefabAsset: {fileID: 0}
  m_GameObject: {fileID: 1579201059476517}
  m_LocalRotation: {x: 0, y: 0, z: 0, w: 1}
  m_LocalPosition: {x: 0, y: 0.2475564, z: 0}
  m_LocalScale: {x: 1, y: 1, z: 1}
  m_Children: []
  m_Father: {fileID: 4992617609217995}
  m_RootOrder: 0
  m_LocalEulerAnglesHint: {x: 0, y: 0, z: 0}
--- !u!1 &1206025677878833
GameObject:
  m_CorrespondingSourceObject: {fileID: 0}
  m_PrefabInstance: {fileID: 100100000}
  m_PrefabAsset: {fileID: 0}
  serializedVersion: 5
  m_Component:
  - component: {fileID: 4512886020907998}
  m_Layer: 8
  m_Name: Tail
  m_TagString: Untagged
  m_Icon: {fileID: 0}
  m_NavMeshLayer: 0
  m_StaticEditorFlags: 0
  m_IsActive: 1
--- !u!4 &4512886020907998
Transform:
  m_CorrespondingSourceObject: {fileID: 0}
  m_PrefabInstance: {fileID: 100100000}
  m_PrefabAsset: {fileID: 0}
  m_GameObject: {fileID: 1206025677878833}
  m_LocalRotation: {x: -1.951295E-06, y: -4.706305E-06, z: 0.9978447, w: -0.06562028}
  m_LocalPosition: {x: 0.2443329, y: -0.005112193, z: -2.298571E-07}
  m_LocalScale: {x: 1.000017, y: 1, z: 1}
  m_Children:
  - {fileID: 4689605742567463}
  m_Father: {fileID: 4389934739495704}
  m_RootOrder: 3
  m_LocalEulerAnglesHint: {x: -0.0005234676, y: -0.0002585092, z: 172.4751}
--- !u!1 &1103134479082306
GameObject:
  m_CorrespondingSourceObject: {fileID: 0}
  m_PrefabInstance: {fileID: 100100000}
  m_PrefabAsset: {fileID: 0}
  serializedVersion: 5
  m_Component:
  - component: {fileID: 4689605742567463}
  m_Layer: 8
  m_Name: Tail1
  m_TagString: Untagged
  m_Icon: {fileID: 0}
  m_NavMeshLayer: 0
  m_StaticEditorFlags: 0
  m_IsActive: 1
--- !u!4 &4689605742567463
Transform:
  m_CorrespondingSourceObject: {fileID: 0}
  m_PrefabInstance: {fileID: 100100000}
  m_PrefabAsset: {fileID: 0}
  m_GameObject: {fileID: 1103134479082306}
  m_LocalRotation: {x: 8.503091E-08, y: 4.029372E-07, z: -0.05885239, w: 0.9982667}
  m_LocalPosition: {x: -0.1445538, y: -0.0001145869, z: 2.203267E-09}
  m_LocalScale: {x: 1, y: 0.9999999, z: 1}
  m_Children:
  - {fileID: 4051954746847867}
  m_Father: {fileID: 4512886020907998}
  m_RootOrder: 0
  m_LocalEulerAnglesHint: {x: 7.009533E-06, y: -4.666662E-05, z: 6.747886}
--- !u!1 &1063749785895856
GameObject:
  m_CorrespondingSourceObject: {fileID: 0}
  m_PrefabInstance: {fileID: 100100000}
  m_PrefabAsset: {fileID: 0}
  serializedVersion: 5
  m_Component:
  - component: {fileID: 4051954746847867}
  m_Layer: 8
  m_Name: Tail2
  m_TagString: Untagged
  m_Icon: {fileID: 0}
  m_NavMeshLayer: 0
  m_StaticEditorFlags: 0
  m_IsActive: 1
--- !u!4 &4051954746847867
Transform:
  m_CorrespondingSourceObject: {fileID: 0}
  m_PrefabInstance: {fileID: 100100000}
  m_PrefabAsset: {fileID: 0}
  m_GameObject: {fileID: 1063749785895856}
  m_LocalRotation: {x: 9.606991E-08, y: 2.696393E-07, z: -0.03298965, w: 0.9994557}
  m_LocalPosition: {x: -0.144548, y: -0.0001146448, z: -3.493296E-09}
  m_LocalScale: {x: 1, y: 0.9999999, z: 1}
  m_Children:
  - {fileID: 4773435852761088}
  m_Father: {fileID: 4689605742567463}
  m_RootOrder: 0
  m_LocalEulerAnglesHint: {x: 9.983482E-06, y: -3.124475E-05, z: 3.781021}
--- !u!1 &1558836020153624
GameObject:
  m_CorrespondingSourceObject: {fileID: 0}
  m_PrefabInstance: {fileID: 100100000}
  m_PrefabAsset: {fileID: 0}
  serializedVersion: 5
  m_Component:
  - component: {fileID: 4773435852761088}
  m_Layer: 8
  m_Name: Tail3
  m_TagString: Untagged
  m_Icon: {fileID: 0}
  m_NavMeshLayer: 0
  m_StaticEditorFlags: 0
  m_IsActive: 1
--- !u!4 &4773435852761088
Transform:
  m_CorrespondingSourceObject: {fileID: 0}
  m_PrefabInstance: {fileID: 100100000}
  m_PrefabAsset: {fileID: 0}
  m_GameObject: {fileID: 1558836020153624}
  m_LocalRotation: {x: 1.110472E-07, y: 2.455761E-07, z: 0.005089338, w: 0.9999871}
  m_LocalPosition: {x: -0.1445391, y: -0.0001322821, z: 8.091324E-09}
  m_LocalScale: {x: 1, y: 1, z: 1}
  m_Children:
  - {fileID: 4780787078718633}
  m_Father: {fileID: 4051954746847867}
  m_RootOrder: 0
  m_LocalEulerAnglesHint: {x: 1.286813E-05, y: -2.807582E-05, z: -0.5831978}
--- !u!1 &1172024266141175
GameObject:
  m_CorrespondingSourceObject: {fileID: 0}
  m_PrefabInstance: {fileID: 100100000}
  m_PrefabAsset: {fileID: 0}
  serializedVersion: 5
  m_Component:
  - component: {fileID: 4780787078718633}
  m_Layer: 8
  m_Name: Tail3_end
  m_TagString: Untagged
  m_Icon: {fileID: 0}
  m_NavMeshLayer: 0
  m_StaticEditorFlags: 0
  m_IsActive: 1
--- !u!4 &4780787078718633
Transform:
  m_CorrespondingSourceObject: {fileID: 0}
  m_PrefabInstance: {fileID: 100100000}
  m_PrefabAsset: {fileID: 0}
  m_GameObject: {fileID: 1172024266141175}
  m_LocalRotation: {x: 0, y: 0, z: 0, w: 1}
  m_LocalPosition: {x: 0, y: 0.1445417, z: 0}
  m_LocalScale: {x: 1, y: 1, z: 1}
  m_Children: []
  m_Father: {fileID: 4773435852761088}
  m_RootOrder: 0
  m_LocalEulerAnglesHint: {x: 0, y: 0, z: 0}
--- !u!1 &1429730672407746
GameObject:
  m_CorrespondingSourceObject: {fileID: 0}
  m_PrefabInstance: {fileID: 100100000}
  m_PrefabAsset: {fileID: 0}
  serializedVersion: 5
  m_Component:
  - component: {fileID: 4479564730444920}
  - component: {fileID: 137157468715311736}
  m_Layer: 8
  m_Name: M
  m_TagString: Untagged
  m_Icon: {fileID: 0}
  m_NavMeshLayer: 0
  m_StaticEditorFlags: 0
  m_IsActive: 1
--- !u!4 &4479564730444920
Transform:
  m_CorrespondingSourceObject: {fileID: 0}
  m_PrefabInstance: {fileID: 100100000}
  m_PrefabAsset: {fileID: 0}
  m_GameObject: {fileID: 1429730672407746}
  m_LocalRotation: {x: 0.7071072, y: -0.7071063, z: 4.562537E-08, w: -1.619189E-08}
  m_LocalPosition: {x: 1.572407E-07, y: -16.92123, z: -59.62804}
  m_LocalScale: {x: 100, y: 100, z: 100}
  m_Children: []
  m_Father: {fileID: 4425751256061693}
  m_RootOrder: 1
  m_LocalEulerAnglesHint: {x: -180, y: 2.384953E-06, z: 89.99992}
--- !u!137 &137157468715311736
SkinnedMeshRenderer:
  m_CorrespondingSourceObject: {fileID: 0}
  m_PrefabInstance: {fileID: 100100000}
  m_PrefabAsset: {fileID: 0}
  m_GameObject: {fileID: 1429730672407746}
  m_Enabled: 1
  m_CastShadows: 1
  m_ReceiveShadows: 1
  m_DynamicOccludee: 1
  m_MotionVectors: 1
  m_LightProbeUsage: 1
  m_ReflectionProbeUsage: 1
  m_RayTracingMode: 0
  m_RenderingLayerMask: 1
  m_RendererPriority: 0
  m_Materials:
  - {fileID: 2100000, guid: b209f5d3ae3b2da47893b74e9f253146, type: 2}
  m_StaticBatchInfo:
    firstSubMesh: 0
    subMeshCount: 0
  m_StaticBatchRoot: {fileID: 0}
  m_ProbeAnchor: {fileID: 0}
  m_LightProbeVolumeOverride: {fileID: 0}
  m_ScaleInLightmap: 1
  m_ReceiveGI: 1
  m_PreserveUVs: 0
  m_IgnoreNormalsForChartDetection: 0
  m_ImportantGI: 0
  m_StitchLightmapSeams: 0
  m_SelectedEditorRenderState: 3
  m_MinimumChartSize: 4
  m_AutoUVMaxDistance: 0.5
  m_AutoUVMaxAngle: 89
  m_LightmapParameters: {fileID: 0}
  m_SortingLayerID: 0
  m_SortingLayer: 0
  m_SortingOrder: 0
  serializedVersion: 2
  m_Quality: 0
  m_UpdateWhenOffscreen: 0
  m_skinnedMotionVectors: 1
  m_Mesh: {fileID: 4300000, guid: 5571192c5de21474cb7200ca593345ff, type: 2}
  m_Bones:
  - {fileID: 4763069156659202}
  - {fileID: 4389934739495704}
  - {fileID: 4298794266610782}
  - {fileID: 4917700966096351}
  - {fileID: 4849727025987458}
  - {fileID: 4087591819041964}
  - {fileID: 4175984807369791}
  - {fileID: 4610679288153721}
  - {fileID: 4537000489184451}
  - {fileID: 4721050233214012}
  - {fileID: 4365806220623328}
  - {fileID: 4102514701241182}
  - {fileID: 4435889172009491}
  - {fileID: 4922889238162707}
  - {fileID: 4261476163688746}
  - {fileID: 4470040364118050}
  - {fileID: 4909354774746816}
  - {fileID: 4487361456503133}
  - {fileID: 4773420526544405}
  - {fileID: 4707520243213999}
  - {fileID: 4113049526755961}
  - {fileID: 4992617609217995}
  - {fileID: 4162508781529576}
  - {fileID: 4079619617676909}
  - {fileID: 4659617614670817}
  - {fileID: 4664308490336855}
  - {fileID: 4613639051530518}
  - {fileID: 4287832651674101}
  - {fileID: 4588402821352159}
  - {fileID: 4687583571633357}
  - {fileID: 4512886020907998}
  - {fileID: 4689605742567463}
  - {fileID: 4051954746847867}
  - {fileID: 4773435852761088}
  m_BlendShapeWeights: []
  m_RootBone: {fileID: 4763069156659202}
  m_AABB:
    m_Center: {x: 0.1013301, y: 0.2207666, z: 0.001405358}
    m_Extent: {x: 0.4960364, y: 0.9433867, z: 0.2052954}
  m_DirtyAABB: 0
