%YAML 1.1
%TAG !u! tag:unity3d.com,2011:
--- !u!91 &9100000
AnimatorController:
  m_CorrespondingSourceObject: {fileID: 0}
  m_PrefabInstance: {fileID: 0}
  m_PrefabAsset: {fileID: 0}
  m_Name: window_animator
  serializedVersion: 5
  m_AnimatorParameters:
  - m_Name: state
    m_Type: 3
    m_DefaultFloat: 0
    m_DefaultInt: 0
    m_DefaultBool: 0
    m_DefaultController: {fileID: 9100000}
  m_AnimatorLayers:
  - serializedVersion: 5
    m_Name: Base Layer
    m_StateMachine: {fileID: 1107430570022034555}
    m_Mask: {fileID: 0}
    m_Motions: []
    m_Behaviours: []
    m_BlendingMode: 0
    m_SyncedLayerIndex: -1
    m_DefaultWeight: 0
    m_IKPass: 0
    m_SyncedLayerAffectsTiming: 0
    m_Controller: {fileID: 9100000}
--- !u!1107 &1107430570022034555
AnimatorStateMachine:
  serializedVersion: 5
  m_CorrespondingSourceObject: {fileID: 0}
  m_PrefabInstance: {fileID: 0}
  m_PrefabAsset: {fileID: 0}
  m_Name: Base Layer
  m_ChildStates:
  - serializedVersion: 1
    m_State: {fileID: 1102019688593561890}
    m_Position: {x: 0, y: 0, z: 0}
  - serializedVersion: 1
    m_State: {fileID: 1102413948879067822}
    m_Position: {x: 250, y: 0, z: 0}
  - serializedVersion: 1
    m_State: {fileID: 1102365073233672111}
    m_Position: {x: 500, y: 0, z: 0}
  - serializedVersion: 1
    m_State: {fileID: 1102552059753846707}
    m_Position: {x: 0, y: 250, z: 0}
  - serializedVersion: 1
    m_State: {fileID: 1102652197737179417}
    m_Position: {x: 250, y: 250, z: 0}
  - serializedVersion: 1
    m_State: {fileID: 1102624308223769864}
    m_Position: {x: 500, y: 250, z: 0}
  - serializedVersion: 1
    m_State: {fileID: 1102995696314939157}
    m_Position: {x: 0, y: 500, z: 0}
  m_ChildStateMachines: []
  m_AnyStateTransitions: []
  m_EntryTransitions: []
  m_StateMachineTransitions: {}
  m_StateMachineBehaviours: []
  m_AnyStatePosition: {x: 0, y: -250, z: 0}
  m_EntryPosition: {x: 250, y: -250, z: 0}
  m_ExitPosition: {x: 500, y: -250, z: 0}
  m_ParentStateMachinePosition: {x: 800, y: 20, z: 0}
  m_DefaultState: {fileID: 1102019688593561890}
--- !u!1102 &1102019688593561890
AnimatorState:
  serializedVersion: 5
  m_CorrespondingSourceObject: {fileID: 0}
  m_PrefabInstance: {fileID: 0}
  m_PrefabAsset: {fileID: 0}
  m_Name: closed
  m_Speed: 1
  m_CycleOffset: 0
  m_Transitions:
  - {fileID: 1101008722780047071}
  - {fileID: 1101652747467621371}
  m_StateMachineBehaviours: []
  m_Position: {x: 0, y: 0, z: 0}
  m_IKOnFeet: 0
  m_WriteDefaultValues: 1
  m_Mirror: 0
  m_SpeedParameterActive: 0
  m_MirrorParameterActive: 0
  m_CycleOffsetParameterActive: 0
  m_TimeParameterActive: 0
  m_Motion: {fileID: 7400000, guid: ee742ac6b86a74e4d947a31983c113b5, type: 2}
  m_Tag: closed
  m_SpeedParameter:
  m_MirrorParameter:
  m_CycleOffsetParameter:
  m_TimeParameter:
--- !u!1101 &1101008722780047071
AnimatorStateTransition:
  m_CorrespondingSourceObject: {fileID: 0}
  m_PrefabInstance: {fileID: 0}
  m_PrefabAsset: {fileID: 0}
  m_Name:
  m_Conditions:
  - m_ConditionMode: 6
    m_ConditionEvent: state
    m_EventTreshold: -1
  m_DstStateMachine: {fileID: 0}
  m_DstState: {fileID: 1102624308223769864}
  m_Solo: 0
  m_Mute: 0
  m_IsExit: 0
  serializedVersion: 3
  m_TransitionDuration: 0
  m_TransitionOffset: 0
  m_ExitTime: 1
  m_HasExitTime: 0
  m_HasFixedDuration: 1
  m_InterruptionSource: 0
  m_OrderedInterruption: 1
  m_CanTransitionToSelf: 1
--- !u!1101 &1101652747467621371
AnimatorStateTransition:
  m_CorrespondingSourceObject: {fileID: 0}
  m_PrefabInstance: {fileID: 0}
  m_PrefabAsset: {fileID: 0}
  m_Name:
  m_Conditions:
  - m_ConditionMode: 6
    m_ConditionEvent: state
    m_EventTreshold: 1
  m_DstStateMachine: {fileID: 0}
  m_DstState: {fileID: 1102995696314939157}
  m_Solo: 0
  m_Mute: 0
  m_IsExit: 0
  serializedVersion: 3
  m_TransitionDuration: 0
  m_TransitionOffset: 0
  m_ExitTime: 1
  m_HasExitTime: 0
  m_HasFixedDuration: 1
  m_InterruptionSource: 0
  m_OrderedInterruption: 1
  m_CanTransitionToSelf: 1
--- !u!1102 &1102413948879067822
AnimatorState:
  serializedVersion: 5
  m_CorrespondingSourceObject: {fileID: 0}
  m_PrefabInstance: {fileID: 0}
  m_PrefabAsset: {fileID: 0}
  m_Name: closing_backward
  m_Speed: 1
  m_CycleOffset: 0
  m_Transitions:
  - {fileID: 1101684112837237578}
  m_StateMachineBehaviours: []
  m_Position: {x: 250, y: 0, z: 0}
  m_IKOnFeet: 0
  m_WriteDefaultValues: 1
  m_Mirror: 0
  m_SpeedParameterActive: 0
  m_MirrorParameterActive: 0
  m_CycleOffsetParameterActive: 0
  m_TimeParameterActive: 0
  m_Motion: {fileID: 7400000, guid: ac4714b2d9ddb9c418c4b3ac071956e7, type: 2}
  m_Tag: closing
  m_SpeedParameter:
  m_MirrorParameter:
  m_CycleOffsetParameter:
  m_TimeParameter:
--- !u!1101 &1101684112837237578
AnimatorStateTransition:
  m_CorrespondingSourceObject: {fileID: 0}
  m_PrefabInstance: {fileID: 0}
  m_PrefabAsset: {fileID: 0}
  m_Name:
  m_Conditions: []
  m_DstStateMachine: {fileID: 0}
  m_DstState: {fileID: 1102019688593561890}
  m_Solo: 0
  m_Mute: 0
  m_IsExit: 0
  serializedVersion: 3
  m_TransitionDuration: 0
  m_TransitionOffset: 0
  m_ExitTime: 1
  m_HasExitTime: 1
  m_HasFixedDuration: 1
  m_InterruptionSource: 0
  m_OrderedInterruption: 1
  m_CanTransitionToSelf: 1
--- !u!1102 &1102365073233672111
AnimatorState:
  serializedVersion: 5
  m_CorrespondingSourceObject: {fileID: 0}
  m_PrefabInstance: {fileID: 0}
  m_PrefabAsset: {fileID: 0}
  m_Name: closing_forward
  m_Speed: 1
  m_CycleOffset: 0
  m_Transitions:
  - {fileID: 1101892591744898887}
  m_StateMachineBehaviours: []
  m_Position: {x: 500, y: 0, z: 0}
  m_IKOnFeet: 0
  m_WriteDefaultValues: 1
  m_Mirror: 0
  m_SpeedParameterActive: 0
  m_MirrorParameterActive: 0
  m_CycleOffsetParameterActive: 0
  m_TimeParameterActive: 0
  m_Motion: {fileID: 7400000, guid: 0be4e1cb81cb9544da0c6935a82390e9, type: 2}
  m_Tag: closing
  m_SpeedParameter:
  m_MirrorParameter:
  m_CycleOffsetParameter:
  m_TimeParameter:
--- !u!1101 &1101892591744898887
AnimatorStateTransition:
  m_CorrespondingSourceObject: {fileID: 0}
  m_PrefabInstance: {fileID: 0}
  m_PrefabAsset: {fileID: 0}
  m_Name:
  m_Conditions: []
  m_DstStateMachine: {fileID: 0}
  m_DstState: {fileID: 1102019688593561890}
  m_Solo: 0
  m_Mute: 0
  m_IsExit: 0
  serializedVersion: 3
  m_TransitionDuration: 0
  m_TransitionOffset: 0
  m_ExitTime: 1
  m_HasExitTime: 1
  m_HasFixedDuration: 1
  m_InterruptionSource: 0
  m_OrderedInterruption: 1
  m_CanTransitionToSelf: 1
--- !u!1102 &1102552059753846707
AnimatorState:
  serializedVersion: 5
  m_CorrespondingSourceObject: {fileID: 0}
  m_PrefabInstance: {fileID: 0}
  m_PrefabAsset: {fileID: 0}
  m_Name: open_backward
  m_Speed: 1
  m_CycleOffset: 0
  m_Transitions:
  - {fileID: 1101501835399744369}
  m_StateMachineBehaviours: []
  m_Position: {x: 0, y: 250, z: 0}
  m_IKOnFeet: 0
  m_WriteDefaultValues: 1
  m_Mirror: 0
  m_SpeedParameterActive: 0
  m_MirrorParameterActive: 0
  m_CycleOffsetParameterActive: 0
  m_TimeParameterActive: 0
  m_Motion: {fileID: 7400000, guid: 169f7f5a93dec8f429174698986d3c7b, type: 2}
  m_Tag: closed
  m_SpeedParameter:
  m_MirrorParameter:
  m_CycleOffsetParameter:
  m_TimeParameter:
--- !u!1101 &1101501835399744369
AnimatorStateTransition:
  m_CorrespondingSourceObject: {fileID: 0}
  m_PrefabInstance: {fileID: 0}
  m_PrefabAsset: {fileID: 0}
  m_Name:
  m_Conditions:
  - m_ConditionMode: 7
    m_ConditionEvent: state
    m_EventTreshold: -1
  m_DstStateMachine: {fileID: 0}
  m_DstState: {fileID: 1102413948879067822}
  m_Solo: 0
  m_Mute: 0
  m_IsExit: 0
  serializedVersion: 3
  m_TransitionDuration: 0
  m_TransitionOffset: 0
  m_ExitTime: 0.75
  m_HasExitTime: 0
  m_HasFixedDuration: 1
  m_InterruptionSource: 0
  m_OrderedInterruption: 1
  m_CanTransitionToSelf: 1
--- !u!1102 &1102652197737179417
AnimatorState:
  serializedVersion: 5
  m_CorrespondingSourceObject: {fileID: 0}
  m_PrefabInstance: {fileID: 0}
  m_PrefabAsset: {fileID: 0}
  m_Name: open_forward
  m_Speed: 1
  m_CycleOffset: 0
  m_Transitions:
  - {fileID: 1101017502573476029}
  m_StateMachineBehaviours: []
  m_Position: {x: 250, y: 250, z: 0}
  m_IKOnFeet: 0
  m_WriteDefaultValues: 1
  m_Mirror: 0
  m_SpeedParameterActive: 0
  m_MirrorParameterActive: 0
  m_CycleOffsetParameterActive: 0
  m_TimeParameterActive: 0
  m_Motion: {fileID: 7400000, guid: db73abd7ce3c71b4a99763ee9a35e523, type: 2}
  m_Tag: open
  m_SpeedParameter:
  m_MirrorParameter:
  m_CycleOffsetParameter:
  m_TimeParameter:
--- !u!1101 &1101017502573476029
AnimatorStateTransition:
  m_CorrespondingSourceObject: {fileID: 0}
  m_PrefabInstance: {fileID: 0}
  m_PrefabAsset: {fileID: 0}
  m_Name:
  m_Conditions:
  - m_ConditionMode: 7
    m_ConditionEvent: state
    m_EventTreshold: 1
  m_DstStateMachine: {fileID: 0}
  m_DstState: {fileID: 1102365073233672111}
  m_Solo: 0
  m_Mute: 0
  m_IsExit: 0
  serializedVersion: 3
  m_TransitionDuration: 0
  m_TransitionOffset: 0
  m_ExitTime: 0.75
  m_HasExitTime: 0
  m_HasFixedDuration: 1
  m_InterruptionSource: 0
  m_OrderedInterruption: 1
  m_CanTransitionToSelf: 1
--- !u!1102 &1102624308223769864
AnimatorState:
  serializedVersion: 5
  m_CorrespondingSourceObject: {fileID: 0}
  m_PrefabInstance: {fileID: 0}
  m_PrefabAsset: {fileID: 0}
  m_Name: opening_backward
  m_Speed: 1
  m_CycleOffset: 0
  m_Transitions:
  - {fileID: 1101047838029228639}
  m_StateMachineBehaviours: []
  m_Position: {x: 500, y: 250, z: 0}
  m_IKOnFeet: 0
  m_WriteDefaultValues: 1
  m_Mirror: 0
  m_SpeedParameterActive: 0
  m_MirrorParameterActive: 0
  m_CycleOffsetParameterActive: 0
  m_TimeParameterActive: 0
  m_Motion: {fileID: 7400000, guid: 310f37e09d5e4dc43814565a2de983bb, type: 2}
  m_Tag: opening
  m_SpeedParameter:
  m_MirrorParameter:
  m_CycleOffsetParameter:
  m_TimeParameter:
--- !u!1101 &1101047838029228639
AnimatorStateTransition:
  m_CorrespondingSourceObject: {fileID: 0}
  m_PrefabInstance: {fileID: 0}
  m_PrefabAsset: {fileID: 0}
  m_Name:
  m_Conditions: []
  m_DstStateMachine: {fileID: 0}
  m_DstState: {fileID: 1102552059753846707}
  m_Solo: 0
  m_Mute: 0
  m_IsExit: 0
  serializedVersion: 3
  m_TransitionDuration: 0
  m_TransitionOffset: 0
  m_ExitTime: 1
  m_HasExitTime: 1
  m_HasFixedDuration: 1
  m_InterruptionSource: 0
  m_OrderedInterruption: 1
  m_CanTransitionToSelf: 1
--- !u!1102 &1102995696314939157
AnimatorState:
  serializedVersion: 5
  m_CorrespondingSourceObject: {fileID: 0}
  m_PrefabInstance: {fileID: 0}
  m_PrefabAsset: {fileID: 0}
  m_Name: opening_forward
  m_Speed: 1
  m_CycleOffset: 0
  m_Transitions:
  - {fileID: 1101350895322543468}
  m_StateMachineBehaviours: []
  m_Position: {x: 0, y: 500, z: 0}
  m_IKOnFeet: 0
  m_WriteDefaultValues: 1
  m_Mirror: 0
  m_SpeedParameterActive: 0
  m_MirrorParameterActive: 0
  m_CycleOffsetParameterActive: 0
  m_TimeParameterActive: 0
  m_Motion: {fileID: 7400000, guid: f3c06acff98a0704bba977ceb6d7b1e1, type: 2}
  m_Tag: opening
  m_SpeedParameter:
  m_MirrorParameter:
  m_CycleOffsetParameter:
  m_TimeParameter:
--- !u!1101 &1101350895322543468
AnimatorStateTransition:
  m_CorrespondingSourceObject: {fileID: 0}
  m_PrefabInstance: {fileID: 0}
  m_PrefabAsset: {fileID: 0}
  m_Name:
  m_Conditions: []
  m_DstStateMachine: {fileID: 0}
  m_DstState: {fileID: 1102652197737179417}
  m_Solo: 0
  m_Mute: 0
  m_IsExit: 0
  serializedVersion: 3
  m_TransitionDuration: 0
  m_TransitionOffset: 0
  m_ExitTime: 1
  m_HasExitTime: 1
  m_HasFixedDuration: 1
  m_InterruptionSource: 0
  m_OrderedInterruption: 1
  m_CanTransitionToSelf: 1
